3598 5284
322 1614 421 1680 Claro
453 1614 588 1680 Galliae
617 1613 842 1695 omnibusque
873 1614 1064 1680 libellulum
1093 1613 1184 1677 huuc
1200 1612 1368 1691 'lectaria

458 2114 644 2187 Sruu'rrrul

310 2421 382 2510 Qui
401 2422 443 2494 de
461 2424 634 2494 Aramaea
655 2422 780 2519 lingua
807 2401 941 2497 nostris¹
960 2423 1176 2520 temporibus
1204 2419 1430 2516 scripserunt,

261 2585 398 2660 nonnisi
411 2601 473 2658 ‘eos
503 2586 564 2682 qui
584 2585 658 2682 jam
684 2585 862 2659 idiomatis
883 2587 989 2684 hujus
1014 2587 1064 2658 vel
1084 2587 1204 2656 saltem
1234 2583 1433 2680 linguarum

262 2751 497 2824 semitioarurn
522 2752 757 2849 cognitionem
776 2754 926 2850 amplam
948 2754 1126 2849 possident
1143 2777 1226 2849 prae
1244 2751 1353 2824 oculis
1371 2751 1432 2822 ha-

261 2873 542 3001 bueruntjundo
560 2917 599 2987 fit
618 2925 656 2989 ut
671 2909 817 3013 jrivenes
836 2944 857 3021 a
874 2917 991 2990 studio
1006 2916 1073 2989 isto
1091 2918 1344 3002 deterreantur,
1363 2915 1436 2987 sive

262 3079 343 3174 quia
370 3079 440 3152 illis
460 3080 590 3178 ¹desunt
617 3081 699 3153 libri
729 3108 790 3178 pro
819 3082 1003 3179 tyronibus
1030 3081 1227 3177 compositi.
1256 3082 1327 3164 sive
1347 3082 1430 3178 quia

183 3305 186 3311 .
260 3244 398 3329 timent,
418 3268 474 3330 ne,
492 3245 628 3342 magnis
643 3255 677 3318 et
690 3246 901 3344 quandoque
917 3246 1069 3318 onerosis
1083 3244 1250 3342 impensis
1270 3244 1433 3340 peractis,

261 3408 426 3481 studium·
445 3410 645 3506 linguarum
664 3411 733 3483 illis
755 3411 970 3510 impossibile
989 3410 1125 3482 evadat.
1156 3409 1234 3481 Hae
1262 3395 1344 3480 sane
1363 3432 1430 3478 non

262 3585 343 3646 sunt
360 3599 480 3646 omnes
500 3569 648 3647 rationes
669 3576 798 3672 quibus
820 3586 1024 3647 avertuntur
1051 3575 1076 3645 ii
1098 3574 1159 3670 qui
1189 3573 1278 3646 clero
1304 3598 1430 3646 nomen

250 3736 433 3808 'dederunt
447 3762 466 3808 a
481 3738 720 3834 prosequenda
735 3738 912 3828 orientalis
925 3739 1143 3810 litteraturae
1160 3738 1316 3820 cultura3
1334 3763 1433 3822 narn,

262 3923 331 3970 non
345 3901 448 3994 pauci
474 3908 593 3971 extant
620 3899 693 3996 qui,
710 3899 854 3996 hujusce
869 3899 990 3985 studii,
1013 3900 1141 3972 nedum
1160 3923 1280 3971 curam
1300 3898 1433 3970 haben-

262 4068 342 4139 dam
360 4091 433 4139 esse
450 4068 694 4152 confiteantur,
713 4068 899 4166 nequidem
919 4069 968 4138 rei
987 4067 1040 4139 vel
1060 4067 1183 4139 saltem
1201 4067 1348 4151 sumtus,
1375 4067 1437 4162 qui
1530 4109 1539 4143 κ

263 4256 303 4302 ex
317 4231 406 4302 seria
424 4229 646 4304 orientalium
663 4234 858 4320 litterarum
878 4230 1104 4328 indagatione
1119 4255 1181 4328 pro
1199 4230 1368 4328 religione
1383 4231 1435 4302 di-

263 4419 404 4467 manare
421 4403 550 4492 posset,
571 4395 685 4469 idean:
713 4397 780 4469 sibi
801 4397 946 4468 faciunt.
968 4395 1149 4480 Attamen,
1170 4420 1306 4467 mecum
1333 4421 1438 4492 saepe

262 4560 438 4632 revolvens
464 4584 587 4633 causas
605 4561 785 4658 neglectus
804 4560 840 4632 in
859 4585 930 4656 quo
941 4558 1056 4646 adhuo
1069 4557 1273 4654 linguarum
1284 4560 1436 4632 orienta-

263 4707 350 4780 lium
364 4708 515 4805 (linguae
534 4708 627 4781 enirn
644 4725 713 4780 non
734 4719 816 4782 sunt
832 4707 882 4779 nil
898 4705 965 4778 nisi
979 4705 1100 4790 clavis,
1117 4705 1202 4802 quid
1218 4707 1357 4802 prodeat
1374 4705 1436 4779 ha·
