3604 5300
883 451 1091 556 ..2-Ι

380 650 454 714 tum
473 641 564 740 inter
578 642 765 737 praesules,
784 652 858 716 tum
874 643 966 716 inter
980 642 1065 716 alios
1083 643 1166 716 cleri
1181 643 1332 729 ordines,
1354 645 1415 741 qui
1433 629 1554 716 dolent

338 829 340 834 .
379 774 422 845 de
440 775 600 871 neglectu
619 775 784 848 scientiae
801 777 837 846 in
861 776 990 860 Gellia,
1015 776 1159 872 quique,
1180 777 1438 873 occuparatione
1455 777 1553 848 insti-

380 917 457 979 tuta
474 907 566 980 inter
583 933 623 979 ea
647 932 737 1004 quae
766 907 877 980 fibant
907 909 1054 980 saeculis
1080 908 1206 1006 elapsis
1225 919 1260 980 et
1286 933 1327 978 ea
1349 933 1438 1004 quae
1462 907 1553 979 fiunt

379 1037 496 1124 hodie,
515 1049 710 1136 queruntur
724 1038 766 1112 de
780 1039 915 1111 desidio
928 1038 1154 1110 intellectuali
1173 1040 1208 1110 in
1228 1065 1299 1135 quo
1313 1039 1482 1136 jacemus.
1496 1037 1553 1110 Ad

379 1170 515 1266 eosqui
542 1169 686 1242 meliora
710 1171 874 1242 anhelant
902 1183 1006 1266 atque
1034 1171 1150 1243 studia
1176 1194 1379 1268 promovere
1405 1170 1553 1277 eupiunt

377 1303 479 1375 liceat
497 1329 560 1381 nos
581 1304 724 1376 verbum
743 1305 905 1402 dirigere,
928 1330 997 1402 quo
1016 1305 1085 1376 illis
1104 1305 1329 1377 ostendamus
1351 1305 1551 1400 linguarum

377 1436 601 1509 orientalium
614 1437 801 1524 culturam,
819 1463 882 1510 nec
899 1463 972 1508 esse
986 1438 1161 1510 difficilem
1180 1463 1243 1510 uec
1257 1439 1373 1510 fructu
1392 1461 1548 1509 vacuam.

427 1568 531 1653 Sane,
558 1569 593 1640 in
624 1569 689 1641 hoc
707 1570 838 1656 studio,
872 1582 912 1642 ut
929 1570 965 1662 in
989 1569 1166 1657 omnibus
1201 1580 1283 1642 sunt
1310 1569 1548 1650 difficultates

378 1711 482 1797 atque
514 1728 583 1774 non
614 1728 737 1800 paucae
766 1728 827 1800 pro
857 1703 900 1775 iis
918 1703 979 1800 qui
997 1729 1071 1775 rem
1088 1704 1212 1776 callere
1239 1713 1274 1776 ct
1301 1702 1472 1800 perpolite
1504 1701 1548 1775 ad

379 1858 544 1931 unguem,
569 1843 606 1906 ut
625 1835 740 1908 aiebat
755 1844 855 1932 poeta
873 1845 985 1920 vetus
1003 1835 1138 1906 volunt.
1153 1835 1283 1920 Verum
1300 1859 1369 1906 non
1389 1835 1553 1906 omnibus
1610 1899 1612 1905 .

378 1964 552 2058 possibilis
574 1974 626 2036 est
644 1965 788 2037 scientia
806 1990 895 2061 quae
913 1989 981 2035 non
1003 1965 1158 2062 patiatur
1183 1965 1353 2061 quasdam
1373 1966 1546 2050 tenebras,

377 2105 482 2193 atque
504 2098 633 2194 quibus
655 2123 727 2170 rem
753 2099 891 2195 penitus
917 2098 1077 2194 indagari
1102 2098 1198 2171 cordi
1223 2111 1286 2184 est,
1310 2097 1425 2170 media
1443 2097 1546 2170 hodie

375 2255 446 2304 uon
462 2231 623 2303 deficient
640 2241 680 2304 ut
698 2231 794 2303 olim.
816 2231 954 2316 Lexioa,
971 2232 1232 2328 grammaticae,
1253 2232 1432 2317 historiae,
1454 2231 1550 2304 libri-

378 2388 446 2461 que
464 2363 618 2461 cujusvis
635 2363 784 2459 generis,
809 2364 846 2434 in
863 2362 977 2434 lucem
998 2362 1097 2462 editi,
1119 2364 1169 2435 ita
1182 2363 1257 2459 jam
1275 2363 1453 2436 numerosi
1471 2387 1550 2434 eva·

379 2497 470 2570 dunt
486 2509 526 2568 ut
545 2495 721 2568 studiosus
736 2496 843 2568 lector
866 2498 923 2567 vix
950 2496 1065 2592 legere
1083 2498 1189 2593 possit
1213 2477 1387 2594 quidquid
1409 2497 1446 2568 in
1465 2520 1550 2568 uno·
1603 2553 1606 2561 .

378 2653 519 2727 quoque
533 2627 699 2701 idiomate
718 2628 759 2700 fit
777 2628 910 2725 publici
921 2628 1023 2725 juris.

424 2763 584 2859 Linguae
609 2761 792 2834 orientales
818 2785 951 2847 omnes,
979 2761 1142 2834 hebraica
1172 2761 1375 2847 nimirum,
1390 2759 1549 2846 arabica,

374 2919 544 2978 aramaea,
560 2919 714 2980 armena,
726 2894 875 2992 coptica,
894 2894 1100 2990 aethiopica,
1114 2873 1195 2964 sunt
1215 2893 1317 2964 utiles
1335 2917 1375 2965 ac
1393 2916 1551 2966 necessa·

375 3027 447 3100 riae
463 3027 506 3100 iis
523 3027 585 3124 qui
604 3025 725 3098 volunt
743 3025 891 3099 scrutari
910 3024 1139 3122 antiquitates
1158 3034 1234 3097 tum
1248 3048 1364 3096 sacras
1383 3033 1459 3096 tum
1476 3047 1554 3120 pro-
1573 3043 1575 3046 ·

376 3160 488 3244 fanas,
519 3157 673 3231 sednon
701 3182 821 3230 omnes
847 3156 969 3229 eodem
995 3155 1120 3252 grado.
1154 3155 1317 3228 Duarum
1344 3154 1398 3226 vel
1425 3154 1547 3240 trium,

377 3314 589 3386 earumque,
619 3297 741 3386 utpote
767 3289 938 3360 exclusive
964 3285 1069 3358 rebus
1095 3285 1292 3358 christianis
1316 3285 1548 3381 propriarum,

377 3423 533 3520 cognitio
551 3421 642 3494 clero
655 3422 805 3494 maxime
824 3419 920 3492 utilis
939 3429 1003 3504 est,
1023 3419 1093 3490 imo
1112 3417 1225 3490 dicam
1244 3415 1439 3488 necessaria
1458 3415 1554 3489 theo·

376 3556 469 3652 loge,
494 3557 544 3627 ita
562 3565 602 3627 ut
628 3553 670 3628 de
688 3551 794 3626 rebus
811 3552 967 3649 antiquis
985 3538 1161 3636 ecclesiae,
1179 3574 1199 3621 a
1218 3549 1356 3621 saeculo
1369 3547 1402 3620 Ι0
1417 3547 1463 3620 ad
1482 3548 1550 3634 IX,

374 3713 476 3760 nemo
499 3689 646 3762 scribere
676 3682 785 3784 possit
818 3687 902 3783 quin
939 3685 1057 3781 aliquo
1082 3682 1186 3756 modo
1208 3690 1437 3754 monumenta
1464 3706 1554 3779 quae

374 3822 554 3893 continent
572 3817 806 3916 perlustrarit.
830 3817 907 3888 Hae
919 3817 1061 3912 linguae
1076 3823 1157 3887 sunt
1172 3819 1363 3895 Aromaca,
1383 3819 1554 3896 Armeno,

373 3955 534 4046 Coptica·
567 3979 678 4051 pone,
721 3953 826 4050 longo
853 3959 970 4023 tamen
1003 3947 1209 4033 intervalla,
1243 3946 1401 4042 sequitur
1432 3945 1552 4042 lingua

375 4093 536 4160 arabica.
645 4134 647 4137 -

422 4220 543 4306 Purra,
561 4221 634 4316 jam
653 4219 809 4300 omnium
834 4219 961 4291 harum
987 4215 1191 4310 linguarum
1213 4210 1419 4308 prodierunt
1435 4234 1552 4306 gram-

373 4355 519 4426 maticae
534 4361 568 4425 et
583 4350 952 4446 lexicaManuscripta
966 4344 1124 4444 quotidie
1134 4343 1362 4441 proferuntur
1372 4343 1408 4414 in
1421 4342 1553 4426 lucem,

375 4486 470 4583 prelo
487 4486 753 4569 commituntur,
768 4482 820 4555 vel
838 4483 873 4553 in
893 4479 1062 4576 catalogis
1080 4475 1341 4549 describuntur.
1361 4472 1467 4562 Quod
1481 4499 1553 4546 res-

373 4620 459 4716 picit
492 4618 651 4714 linguam
688 4638 877 4699 armenam,
916 4612 980 4698 soli
1017 4608 1296 4691 Mekhitaristae‚
1332 4605 1493 4678 Venetiis
1521 4617 1557 4680 et

374 4748 545 4835 Viennae,
566 4749 772 4820 immensam
789 4741 1038 4831 bibliothecam
1057 4737 1303 4836 theologicam,
1320 4735 1553 4834 patristicam,
1590 4816 1591 4825 χ
