3598 5284
709 389 763 414 -,
788 347 832 422 15
858 391 906 400 -

245 446 254 474 Ι

219 545 300 618 darn
318 542 411 616 vocis
428 540 578 630 litterae,
604 550 638 614 et
657 543 798 642 quidem
816 541 1024 641 generatim,
1044 542 1275 614 consonnanti
1301 526 1392 638 quae

221 675 329 748 vocali
349 673 440 746 vocis
454 675 709 748 caracteristica
723 675 888 773 insigniri
902 674 1064 747 debebat.
1091 672 1148 745 Ita
1167 671 1241 766 12:122
1257 670 1394 768 legeba-
1432 684 1437 690 '

136 836 142 848 ·
218 813 276 877 tur
314 805 410 915 [ῥέῃ
434 819 510 915 ¹59³
536 803 719 900 legebatur
739 805 834 902 ιξρζ
856 805 1047 904 Siquando
1068 806 1171 877 tertia
1189 828 1254 876 vox
1271 826 1391 876 conso-

220 934 386 1007 nantibus
414 935 536 1008 similis
564 935 703 1010 duabus
731 904 808 1010 aliis
840 937 1013 1023 existeret,
1042 946 1127 1009 tunc
1148 935 1392 1010 secernebatur

217 1065 357 1138 duobus
375 1067 527 1162 punctis,
547 1091 700 1166 'quorum
728 1093 838 1141 unum
862 1073 967 1156 infru
985 1067 1133 1139 alterurn
1155 1090 1265 1156 supra
1291 1075 1391 1137 nota·

219 1200 324 1271 batur
349 1224 398 1294 μ
424 1209 458 1272 et
476 1200 692 1274 vocabantur
710 1203 927 1296 attenuatione,
947 1198 984 1273 id
998 1208 1062 1285 est,
1071 1203 1241 1296 frenum.

271 1341 326 1411 13.
358 1337 438 1428 Quo
457 1348 587 1436 puncto
607 1341 700 1414 varie
718 1343 831 1439 posito
857 1352 891 1414 et
909 1339 1127 1437 reduplicato
1155 1337 1226 1435 syri
1256 1345 1389 1408 veteres

215 1477 323 1567 atque
348 1471 454 1543 etiam
480 1481 633 1544 recentes
660 1473 893 1544 distinxerunt
922 1495 1020 1543 voces
1043 1469 1217 1565 scriptura
1241 1467 1383 1552 similes

218 1603 346 1674 formas
364 1610 398 1674 et
416 1628 580 1699 personas
598 1605 707 1717 verbi.
728 1606 846 1700 Atque
859 1601 948 1675 illud
966 1600 1112 1674 notandi
1131 1599 1264 1673 vocales
1277 1623 1388 1696 genus
1433 1697 1435 1700 Ι

215 1758 399 1806 commune
417 1733 486 1806 fuit
507 1733 670 1807 omnibus
696 1735 890 1842 Aramaeis,
922 1735 1002 1806 licet
1025 1731 1120 1830 apud
1147 1730 1388 1805 Occidentales

218 1867 335 1963 polius
355 1867 511 1938 fueritin
527 1892 605 1940 usu.

269 2002 324 2071 14.
354 1999 458 2072 Brevi
476 2010 592 2072 tamen
611 2002 775 2107 'Aramaei
789 2008 1035 2099 persenserunt
1049 2006 1200 2099 systema
1216 1997 1389 2070 vocalium

118 2192 128 2208 ,
150 2164 153 2170 ·
214 2131 319 2204 istud.
330 2133 490 2228 plurimis
501 2134 744 2232 imperfectum
756 2159 842 2217 esse,
857 2143 963 2232 atque
975 2130 1138 2205 medendi
1151 2129 1266 2203 media
1280 2152 1385 2228 quae-

216 2270 347 2350 rentes,
368 2263 579 2351 'Orientales
596 2268 802 2362 praesertim
815 2263 1031 2350 Nestoriani,
1048 2262 1276 2335 efformarunt
1290 2258 1397 2356 signa·

217 2395 391 2468 vocalium
424 2396 564 2491 punctis
598 2403 713 2467 unicis
738 2395 792 2468 vel
825 2401 1025 2486 duplicata,
1055 2415 1167 2482 supra
1196 2389 1251 2462 vel
1283 2393 1387 2486 infru

213 2525 367 2624 scriptis,
399 2535 539 2608 tantum
569 2529 778 2602 constantia.
816 2527 1069 2632 Occidentales,
1090 2533 1259 2607 econtra,
1281 2521 1385 2594 relin-

217 2666 363 2756 quentes
378 2666 510 2755 puncta
523 2666 557 2732 ct
571 2659 706 2734 vocales
724 2684 812 2757 quas
833 2658 986 2732 lacobus
1012 2656 1208 2733 edessenus
1225 2669 1293 2728 v11⁰
1311 2677 1384 2726 sae·

211 2765 293 2863 culo
306 2790 499 2878 invenerat,
518 2790 756 2866 adhibuerunt
770 2791 903 2864 vocales
918 2815 1071 2888 gnaeum,
1088 2788 1170 2862 inde
1183 2786 1388 2887 praesertim

213 2937 320 2994 ax110
336 2920 486 3005 saeculo,
514 2921 595 2996 licet
619 2948 740 2996 aarum
771 2948 855 3020 usus
886 2921 1063 3019 antiquior
1091 2929 1126 2994 et
1157 2919 1202 2994 ad
1228 2927 1386 3016 tempora

211 3053 338 3128 Jacobi
355 3054 523 3127 Edesseni
540 3057 742 3131 referendus
761 3057 820 3131 sit.
1064 3033 1067 3044 ι

267 3187 336 3260 15..
351 3185 443 3260 Tum
453 3169 588 3291 nuncto
607 3196 755 3277 vocatia,
788 3198 865 3262 turn
882 3195 1016 3262 uocales
1036 3194 1204 3274 Graecae,
1226 3183 1384 3256 scribun-

212 3331 272 3394 tur
289 3320 443 3395 adlatus
461 3325 728 3436 cqnsonantium
744 3349 857 3415 supra
873 3325 928 3397 vel
949 3331 1052 3412 infru
1073 3323 1217 3407 lineam,
1242 3325 1283 3393 ut
1306 3341 1389 3391 mox

210 3443 380 3528 dicemus.
398 3451 597 3527 Recentiori
615 3451 783 3552 tempore,
801 3454 917 3541 idest,
939 3467 1040 3526 ax11⁰
1054 3452 1193 3526 saeculo
1208 3449 1252 3522 ad
1269 3456 1389 3522 nostra

215 3606 323 3680 usque
352 3594 520 3680 tempora,
553 3585 783 3660 occidentales
809 3593 958 3683 utroque
985 3588 1172 3680 systemate
1205 3578 1260 3652 usi
1288 3587 1383 3664 sunt,

212 3729 318 3814 atque
337 3716 445 3790 etiam
462 3719 673 3816 quandoque
690 3717 807 3805 simul,
833 3718 920 3791 dum
948 3715 1157 3801 Orientalm,
1185 3711 1386 3787 Nestoriani

213 3848 443 3944 potissimum,
465 3873 648 3947 nunquam
669 3848 907 3922 adhibuerunt
924 3847 1060 3920 vocales
1077 3867 1234 3944 graecas.
1323 3937 1336 3950 ,Ν
1432 3838 1435 3845 ’

215 4055 216 4058 ,
264 3984 321 4054 16.
349 3981 493 4055 Nullam
508 3981 614 4056 ferme
631 3983 761 4057 habent
775 3990 970 4073 turanorum
988 3989 1024 4054 et
1041 3982 1200 4052 trecium
1216 3975 1392 4051 vocalium
1443 3987 1447 3993 ’

211 4113 383 4188 rationem
411 4113 588 4206 Aramaei,
609 4141 680 4213 quo
697 4115 738 4188 fit
764 4125 805 4186 ut
832 4111 1063 4210 grammatici
1080 4110 1188 4183 ferme
1209 4133 1392 4206 nunquam

210 4245 419 4319 conveniant
431 4246 468 4321 in
487 4219 732 4321 constituendo
750 4245 923 4320 vocalium
940 4268 1089 4318 numero
1107 4275 1115 4315 ε
1139 4241 1200 4316 alii
1217 4240 1387 4339 quinque,

211 4376 272 4449 alii
290 4403 361 4465 sex,
381 4379 442 4452 alii
461 4379 593 4478 septem
621 4380 682 4454 alii
704 4389 783 4454 octo
800 4385 1006 4452 enumerant
1031 4383 1137 4474 prout
1156 4374 1227 4448 duo
1255 4399 1288 4457 e,
1310 4380 1340 4456 i,
1366 4397 1390 4442 a

210 4509 342 4584 scilicet
359 4505 460 4606 tonan
479 4522 513 4586 et
531 4517 652 4611 breuia
671 4511 909 4608 distinguunt,
931 4509 983 4583 vol
1005 4531 1087 4581 non.
