<?xml version="1.0" encoding="UTF-8"?>
<!DOCTYPE html PUBLIC "-//W3C//DTD XHTML 1.0 Transitional//EN"
    "http://www.w3.org/TR/xhtml1/DTD/xhtml1-transitional.dtd">
<html xmlns="http://www.w3.org/1999/xhtml" xml:lang="en" lang="en">
 <head>
  <title>
</title>
<meta http-equiv="Content-Type" content="text/html;charset=utf-8" />
  <meta name='ocr-system' content='tesseract 3.04.00' />
  <meta name='ocr-capabilities' content='ocr_page ocr_carea ocr_par ocr_line ocrx_word'/>
</head>
<body>
  <div class='ocr_page' id='page_1' title='image "./syrochaldaicaei00pargoog_0014.png"; bbox 0 0 3598 5284; ppageno 0'>
   <div class='ocr_carea' id='block_1_1' title="bbox 640 453 906 504">
    <p class='ocr_par' dir='ltr' id='par_1_1' title="bbox 640 453 906 504">
     <span class='ocr_line' id='line_1_1' title="bbox 640 453 906 504; baseline -0.011 0"><span class='ocrx_word' id='word_1_1' title='bbox 640 453 906 504; x_wconf 88' lang='lat' dir='ltr'><strong>·-v11-</strong></span> 
     </span>
    </p>
   </div>
   <div class='ocr_carea' id='block_1_2' title="bbox 264 623 1401 724">
    <p class='ocr_par' dir='ltr' id='par_1_2' title="bbox 264 623 1401 724">
     <span class='ocr_line' id='line_1_2' title="bbox 264 623 1401 724; baseline -0.006 -24"><span class='ocrx_word' id='word_1_2' title='bbox 264 627 363 717; x_wconf 78' lang='lat' dir='ltr'><strong>Quae</strong></span> <span class='ocrx_word' id='word_1_3' title='bbox 380 650 460 699; x_wconf 87' lang='lat' dir='ltr'><strong>oum</strong></span> <span class='ocrx_word' id='word_1_4' title='bbox 478 624 624 723; x_wconf 84' lang='lat' dir='ltr'><strong>legerint</strong></span> <span class='ocrx_word' id='word_1_5' title='bbox 641 635 794 724; x_wconf 81' lang='lat' dir='ltr'><strong>tyrones,</strong></span> <span class='ocrx_word' id='word_1_6' title='bbox 817 629 960 702; x_wconf 89' lang='lat' dir='ltr'><strong>demum</strong></span> <span class='ocrx_word' id='word_1_7' title='bbox 976 625 1147 700; x_wconf 90' lang='lat' dir='ltr'><strong>videbunt</strong></span> <span class='ocrx_word' id='word_1_8' title='bbox 1161 649 1205 699; x_wconf 86' lang='lat' dir='ltr'><strong>an</strong></span> <span class='ocrx_word' id='word_1_9' title='bbox 1221 623 1401 722; x_wconf 85' lang='lat' dir='ltr'>prosequi.</span> 
     </span>
    </p>
   </div>
   <div class='ocr_carea' id='block_1_3' title="bbox 209 777 1389 890">
    <p class='ocr_par' dir='ltr' id='par_1_3' title="bbox 209 777 1389 890">
     <span class='ocr_line' id='line_1_3' title="bbox 209 777 1389 890; baseline -0.003 -26"><span class='ocrx_word' id='word_1_10' title='bbox 209 777 361 864; x_wconf 83' lang='lat' dir='ltr'><strong>debeant</strong></span> <span class='ocrx_word' id='word_1_11' title='bbox 392 803 452 863; x_wconf 87' lang='lat' dir='ltr'><strong>ant</strong></span> <span class='ocrx_word' id='word_1_12' title='bbox 479 791 612 888; x_wconf 81' lang='lat' dir='ltr'>possint</span> <span class='ocrx_word' id='word_1_13' title='bbox 642 792 800 866; x_wconf 88' lang='lat' dir='ltr'><strong>studium</strong></span> <span class='ocrx_word' id='word_1_14' title='bbox 827 794 1040 890; x_wconf 83' lang='lat' dir='ltr'><strong>incoeptum.</strong></span> <span class='ocrx_word' id='word_1_15' title='bbox 1074 788 1270 864; x_wconf 83' lang='lat' dir='ltr'><strong>Possumne</strong></span> <span class='ocrx_word' id='word_1_16' title='bbox 1301 789 1389 863; x_wconf 92' lang='lat' dir='ltr'><strong>mihi</strong></span> 
     </span>
    </p>
   </div>
   <div class='ocr_carea' id='block_1_4' title="bbox 213 925 1388 1064">
    <p class='ocr_par' dir='ltr' id='par_1_4' title="bbox 213 925 1388 1064">
     <span class='ocr_line' id='line_1_4' title="bbox 213 925 1388 1064; baseline -0.002 -35"><span class='ocrx_word' id='word_1_17' title='bbox 213 957 416 1055; x_wconf 79' lang='lat' dir='ltr'><strong>promittere</strong></span> <span class='ocrx_word' id='word_1_18' title='bbox 433 957 563 1029; x_wconf 89' lang='lat' dir='ltr'><strong>multos</strong></span> <span class='ocrx_word' id='word_1_19' title='bbox 579 958 727 1064; x_wconf 82' lang='lat' dir='ltr'><strong>ulterius</strong></span> <span class='ocrx_word' id='word_1_20' title='bbox 740 925 1005 1056; x_wconf 80' lang='lat' dir='ltr'><strong>progressuros?</strong></span> <span class='ocrx_word' id='word_1_21' title='bbox 1023 1001 1071 1033; x_wconf 87' lang='grc'><strong>-,-</strong></span> <span class='ocrx_word' id='word_1_22' title='bbox 1084 957 1174 1029; x_wconf 85' lang='lat' dir='ltr'><strong>Sane</strong></span> <span class='ocrx_word' id='word_1_23' title='bbox 1188 957 1254 1030; x_wconf 90' lang='lat' dir='ltr'><strong>hoo</strong></span> <span class='ocrx_word' id='word_1_24' title='bbox 1265 965 1388 1053; x_wconf 89' lang='lat' dir='ltr'><strong>optan-</strong></span> 
     </span>
    </p>
   </div>
   <div class='ocr_carea' id='block_1_5' title="bbox 213 1105 1566 1218">
    <p class='ocr_par' dir='ltr' id='par_1_5' title="bbox 213 1105 1566 1218">
     <span class='ocr_line' id='line_1_5' title="bbox 213 1105 1566 1218; baseline 0.001 -26"><span class='ocrx_word' id='word_1_25' title='bbox 213 1114 298 1193; x_wconf 81' lang='lat' dir='ltr'><strong>dum</strong></span> <span class='ocrx_word' id='word_1_26' title='bbox 316 1122 420 1206; x_wconf 86' lang='lat' dir='ltr'><strong>foret;</strong></span> <span class='ocrx_word' id='word_1_27' title='bbox 450 1121 608 1194; x_wconf 87' lang='lat' dir='ltr'><strong>homines</strong></span> <span class='ocrx_word' id='word_1_28' title='bbox 627 1148 706 1198; x_wconf 89' lang='lat' dir='ltr'><strong>vero</strong></span> <span class='ocrx_word' id='word_1_29' title='bbox 732 1124 827 1211; x_wconf 88' lang='lat' dir='ltr'><strong>novi,</strong></span> <span class='ocrx_word' id='word_1_30' title='bbox 855 1124 937 1196; x_wconf 91' lang='lat' dir='ltr'><strong>novi</strong></span> <span class='ocrx_word' id='word_1_31' title='bbox 956 1105 1063 1196; x_wconf 87' lang='lat' dir='ltr'><strong>etiam</strong></span> <span class='ocrx_word' id='word_1_32' title='bbox 1083 1129 1243 1218; x_wconf 88' lang='lat' dir='ltr'><strong>tempora</strong></span> <span class='ocrx_word' id='word_1_33' title='bbox 1261 1116 1389 1194; x_wconf 87' lang='lat' dir='ltr'><strong>mores·</strong></span> <span class='ocrx_word' id='word_1_34' title='bbox 1471 1108 1473 1112; x_wconf 43' lang='grc'>’</span> <span class='ocrx_word' id='word_1_35' title='bbox 1562 1123 1566 1134; x_wconf 89' lang='grc'><strong>’</strong></span> 
     </span>
    </p>
   </div>
   <div class='ocr_carea' id='block_1_6' title="bbox 205 1287 1404 2378">
    <p class='ocr_par' dir='ltr' id='par_1_6' title="bbox 213 1287 1383 1407">
     <span class='ocr_line' id='line_1_6' title="bbox 213 1287 1383 1407; baseline 0 -47"><span class='ocrx_word' id='word_1_36' title='bbox 213 1313 280 1385; x_wconf 87' lang='lat' dir='ltr'><strong>quo</strong></span> <span class='ocrx_word' id='word_1_37' title='bbox 299 1287 430 1360; x_wconf 87' lang='lat' dir='ltr'><strong>saeculi</strong></span> <span class='ocrx_word' id='word_1_38' title='bbox 446 1297 490 1407; x_wconf 59' lang='lat' dir='ltr'><strong>xet</strong></span> <span class='ocrx_word' id='word_1_39' title='bbox 506 1288 572 1361; x_wconf 87' lang='lat' dir='ltr'><strong>hoe</strong></span> <span class='ocrx_word' id='word_1_40' title='bbox 590 1314 660 1362; x_wconf 93' lang='lat' dir='ltr'><strong>non</strong></span> <span class='ocrx_word' id='word_1_41' title='bbox 679 1294 798 1387; x_wconf 89' lang='lat' dir='ltr'><strong>spero!</strong></span> <span class='ocrx_word' id='word_1_42' title='bbox 830 1289 999 1381; x_wconf 78' lang='lat' dir='ltr'><strong>Quidam,</strong></span> <span class='ocrx_word' id='word_1_43' title='bbox 1025 1288 1128 1389; x_wconf 72' lang='lat' dir='ltr'><strong>pauci</strong></span> <span class='ocrx_word' id='word_1_44' title='bbox 1154 1289 1323 1385; x_wconf 90' lang='lat' dir='ltr'><strong>primum,</strong></span> <span class='ocrx_word' id='word_1_45' title='bbox 1344 1289 1383 1359; x_wconf 89' lang='lat' dir='ltr'><strong>fi-</strong></span> 
     </span>
    </p>

    <p class='ocr_par' dir='ltr' id='par_1_7' title="bbox 209 1422 1385 1552">
     <span class='ocr_line' id='line_1_7' title="bbox 209 1422 1385 1552; baseline -0.003 -28"><span class='ocrx_word' id='word_1_46' title='bbox 209 1422 471 1524; x_wconf 84' lang='lat' dir='ltr'><strong>delesstatnta</strong></span> <span class='ocrx_word' id='word_1_47' title='bbox 502 1453 649 1526; x_wconf 88' lang='lat' dir='ltr'><strong>firmiter</strong></span> <span class='ocrx_word' id='word_1_48' title='bbox 688 1461 935 1552; x_wconf 87' lang='lat' dir='ltr'><strong>exsequentur.</strong></span> <span class='ocrx_word' id='word_1_49' title='bbox 983 1454 1140 1530; x_wconf 87' lang='lat' dir='ltr'><strong>Maxima</strong></span> <span class='ocrx_word' id='word_1_50' title='bbox 1175 1476 1255 1550; x_wconf 87' lang='lat' dir='ltr'><strong>pars</strong></span> <span class='ocrx_word' id='word_1_51' title='bbox 1290 1459 1385 1522; x_wconf 87' lang='lat' dir='ltr'><strong>retro</strong></span> 
     </span>
    </p>

    <p class='ocr_par' dir='ltr' id='par_1_8' title="bbox 211 1617 1384 1730">
     <span class='ocr_line' id='line_1_8' title="bbox 211 1617 1384 1730; baseline -0.004 -41"><span class='ocrx_word' id='word_1_52' title='bbox 211 1617 372 1713; x_wconf 84' lang='lat' dir='ltr'><strong>respiciet</strong></span> <span class='ocrx_word' id='word_1_53' title='bbox 387 1627 422 1689; x_wconf 86' lang='lat' dir='ltr'><strong>et</strong></span> <span class='ocrx_word' id='word_1_54' title='bbox 440 1618 485 1689; x_wconf 86' lang='lat' dir='ltr'><strong>ab</strong></span> <span class='ocrx_word' id='word_1_55' title='bbox 502 1617 662 1714; x_wconf 85' lang='lat' dir='ltr'><strong>incoepto</strong></span> <span class='ocrx_word' id='word_1_56' title='bbox 681 1617 836 1730; x_wconf 76' lang='lat' dir='ltr'><strong>desistet,</strong></span> <span class='ocrx_word' id='word_1_57' title='bbox 855 1641 975 1690; x_wconf 91' lang='lat' dir='ltr'><strong>verum</strong></span> <span class='ocrx_word' id='word_1_58' title='bbox 999 1640 1063 1687; x_wconf 86' lang='lat' dir='ltr'><strong>neo</strong></span> <span class='ocrx_word' id='word_1_59' title='bbox 1082 1626 1223 1710; x_wconf 87' lang='lat' dir='ltr'><strong>tempus</strong></span> <span class='ocrx_word' id='word_1_60' title='bbox 1240 1637 1303 1686; x_wconf 91' lang='lat' dir='ltr'><strong>neo</strong></span> <span class='ocrx_word' id='word_1_61' title='bbox 1326 1637 1384 1710; x_wconf 88' lang='lat' dir='ltr'><strong>pe·</strong></span> 
     </span>
    </p>

    <p class='ocr_par' dir='ltr' id='par_1_9' title="bbox 208 1739 1384 1875">
     <span class='ocr_line' id='line_1_9' title="bbox 208 1739 1384 1875; baseline -0.003 -21"><span class='ocrx_word' id='word_1_62' title='bbox 208 1782 352 1854; x_wconf 85' lang='lat' dir='ltr'><strong>cuniam</strong></span> <span class='ocrx_word' id='word_1_63' title='bbox 370 1745 514 1854; x_wconf 84' lang='lat' dir='ltr'><strong>multam</strong></span> <span class='ocrx_word' id='word_1_64' title='bbox 532 1783 685 1856; x_wconf 88' lang='lat' dir='ltr'><strong>amiserit</strong></span> <span class='ocrx_word' id='word_1_65' title='bbox 702 1785 739 1856; x_wconf 89' lang='lat' dir='ltr'><strong>in</strong></span> <span class='ocrx_word' id='word_1_66' title='bbox 757 1782 823 1855; x_wconf 88' lang='lat' dir='ltr'><strong>hoo</strong></span> <span class='ocrx_word' id='word_1_67' title='bbox 842 1779 1045 1872; x_wconf 77' lang='lat' dir='ltr'><strong>tentamine.</strong></span> <span class='ocrx_word' id='word_1_68' title='bbox 1076 1780 1152 1853; x_wconf 90' lang='lat' dir='ltr'><strong>Imo</strong></span> <span class='ocrx_word' id='word_1_69' title='bbox 1170 1779 1213 1852; x_wconf 90' lang='lat' dir='ltr'><strong>iis</strong></span> <span class='ocrx_word' id='word_1_70' title='bbox 1229 1778 1294 1875; x_wconf 86' lang='lat' dir='ltr'><strong>qui</strong></span> <span class='ocrx_word' id='word_1_71' title='bbox 1313 1739 1384 1851; x_wconf 84' lang='lat' dir='ltr'><strong>stu·</strong></span> 
     </span>
    </p>

    <p class='ocr_par' dir='ltr' id='par_1_10' title="bbox 211 1916 1404 2207">
     <span class='ocr_line' id='line_1_10' title="bbox 211 1916 1404 2042; baseline -0.002 -27"><span class='ocrx_word' id='word_1_72' title='bbox 211 1945 310 2016; x_wconf 91' lang='lat' dir='ltr'><strong>dium</strong></span> <span class='ocrx_word' id='word_1_73' title='bbox 330 1969 400 2016; x_wconf 90' lang='lat' dir='ltr'><strong>non</strong></span> <span class='ocrx_word' id='word_1_74' title='bbox 418 1954 670 2042; x_wconf 85' lang='lat' dir='ltr'><strong>prosequentur</strong></span> <span class='ocrx_word' id='word_1_75' title='bbox 685 1946 802 2018; x_wconf 86' lang='lat' dir='ltr'><strong>forsan</strong></span> <span class='ocrx_word' id='word_1_76' title='bbox 819 1945 946 2034; x_wconf 81' lang='lat' dir='ltr'><strong>inutile</strong></span> <span class='ocrx_word' id='word_1_77' title='bbox 964 1968 1034 2016; x_wconf 90' lang='lat' dir='ltr'><strong>non</strong></span> <span class='ocrx_word' id='word_1_78' title='bbox 1053 1943 1159 2016; x_wconf 87' lang='lat' dir='ltr'><strong>fuerit</strong></span> <span class='ocrx_word' id='word_1_79' title='bbox 1178 1916 1404 2040; x_wconf 80' lang='lat' dir='ltr'><strong>opusculum¹</strong></span> 
     </span>
     <span class='ocr_line' id='line_1_11' title="bbox 215 2109 618 2207; baseline -0.002 -25"><span class='ocrx_word' id='word_1_80' title='bbox 215 2109 470 2207; x_wconf 82' lang='lat' dir='ltr'><strong>qualecumque</strong></span> <span class='ocrx_word' id='word_1_81' title='bbox 487 2133 618 2182; x_wconf 81' lang='lat' dir='ltr'><strong>meum.</strong></span> 
     </span>
    </p>

    <p class='ocr_par' dir='ltr' id='par_1_11' title="bbox 205 2255 1384 2378">
     <span class='ocr_line' id='line_1_12' title="bbox 205 2255 1384 2378; baseline -0.005 -31"><span class='ocrx_word' id='word_1_82' title='bbox 205 2325 209 2333; x_wconf 33' lang='grc' dir='ltr'><strong><em>ι</em></strong></span> <span class='ocrx_word' id='word_1_83' title='bbox 260 2275 330 2361; x_wconf 84' lang='lat' dir='ltr'><strong>Tu,</strong></span> <span class='ocrx_word' id='word_1_84' title='bbox 353 2274 520 2347; x_wconf 89' lang='lat' dir='ltr'><strong>benevole</strong></span> <span class='ocrx_word' id='word_1_85' title='bbox 540 2275 659 2361; x_wconf 88' lang='lat' dir='ltr'><strong>lector,</strong></span> <span class='ocrx_word' id='word_1_86' title='bbox 681 2273 727 2346; x_wconf 88' lang='lat' dir='ltr'><strong>sis</strong></span> <span class='ocrx_word' id='word_1_87' title='bbox 745 2274 788 2346; x_wconf 88' lang='lat' dir='ltr'><strong>de</strong></span> <span class='ocrx_word' id='word_1_88' title='bbox 805 2255 951 2346; x_wconf 82' lang='lat' dir='ltr'><strong>numero</strong></span> <span class='ocrx_word' id='word_1_89' title='bbox 977 2298 1098 2378; x_wconf 86' lang='lat' dir='ltr'><strong>eorum</strong></span> <span class='ocrx_word' id='word_1_90' title='bbox 1116 2273 1190 2370; x_wconf 88' lang='lat' dir='ltr'><strong>qui,</strong></span> <span class='ocrx_word' id='word_1_91' title='bbox 1221 2297 1299 2343; x_wconf 80' lang='lat' dir='ltr'><strong>eum</strong></span> <span class='ocrx_word' id='word_1_92' title='bbox 1319 2277 1384 2342; x_wconf 80' lang='lat' dir='ltr'><strong>nai-</strong></span> 
     </span>
    </p>
   </div>
   <div class='ocr_carea' id='block_1_7' title="bbox 208 2443 1384 2532">
    <p class='ocr_par' dir='ltr' id='par_1_12' title="bbox 208 2443 1384 2532">
     <span class='ocr_line' id='line_1_13' title="bbox 208 2443 1384 2532; baseline -0.003 -21"><span class='ocrx_word' id='word_1_93' title='bbox 208 2447 320 2512; x_wconf 81' lang='lat' dir='ltr'><strong>serint</strong></span> <span class='ocrx_word' id='word_1_94' title='bbox 334 2464 481 2511; x_wconf 81' lang='lat' dir='ltr'><strong>monum</strong></span> <span class='ocrx_word' id='word_1_95' title='bbox 492 2446 539 2510; x_wconf 83' lang='lat' dir='ltr'><strong>ad</strong></span> <span class='ocrx_word' id='word_1_96' title='bbox 553 2450 727 2521; x_wconf 76' lang='lat' dir='ltr'><strong>aratrum,</strong></span> <span class='ocrx_word' id='word_1_97' title='bbox 741 2463 934 2528; x_wconf 79' lang='lat' dir='ltr'><strong>numquam</strong></span> <span class='ocrx_word' id='word_1_98' title='bbox 948 2450 1045 2510; x_wconf 76' lang='lat' dir='ltr'><strong>retro</strong></span> <span class='ocrx_word' id='word_1_99' title='bbox 1059 2443 1263 2528; x_wconf 75' lang='lat' dir='ltr'><strong>respiciunt,</strong></span> <span class='ocrx_word' id='word_1_100' title='bbox 1279 2443 1384 2532; x_wconf 88' lang='lat' dir='ltr'><strong>atque</strong></span> 
     </span>
    </p>
   </div>
   <div class='ocr_carea' id='block_1_8' title="bbox 209 2616 1384 2716">
    <p class='ocr_par' dir='ltr' id='par_1_13' title="bbox 209 2616 1384 2716">
     <span class='ocr_line' id='line_1_14' title="bbox 209 2616 1384 2716; baseline -0.003 -24"><span class='ocrx_word' id='word_1_101' title='bbox 209 2643 275 2692; x_wconf 86' lang='lat' dir='ltr'><strong>neo</strong></span> <span class='ocrx_word' id='word_1_102' title='bbox 304 2617 454 2703; x_wconf 87' lang='lat' dir='ltr'><strong>laboris,</strong></span> <span class='ocrx_word' id='word_1_103' title='bbox 484 2641 547 2689; x_wconf 83' lang='lat' dir='ltr'><strong>neo</strong></span> <span class='ocrx_word' id='word_1_104' title='bbox 571 2617 823 2713; x_wconf 81' lang='lat' dir='ltr'><strong>impensarum,</strong></span> <span class='ocrx_word' id='word_1_105' title='bbox 853 2627 973 2712; x_wconf 91' lang='lat' dir='ltr'><strong>postea</strong></span> <span class='ocrx_word' id='word_1_106' title='bbox 997 2627 1032 2690; x_wconf 87' lang='lat' dir='ltr'><strong>to</strong></span> <span class='ocrx_word' id='word_1_107' title='bbox 1059 2617 1205 2716; x_wconf 84' lang='lat' dir='ltr'><strong>pigebit.</strong></span> <span class='ocrx_word' id='word_1_108' title='bbox 1237 2616 1384 2689; x_wconf 86' lang='lat' dir='ltr'><strong>Interim</strong></span> 
     </span>
    </p>
   </div>
   <div class='ocr_carea' id='block_1_9' title="bbox 209 2770 1385 2879">
    <p class='ocr_par' dir='ltr' id='par_1_14' title="bbox 209 2770 1385 2879">
     <span class='ocr_line' id='line_1_15' title="bbox 209 2770 1385 2879; baseline -0.002 -23"><span class='ocrx_word' id='word_1_109' title='bbox 209 2785 311 2858; x_wconf 89' lang='lat' dir='ltr'><strong>firmo</strong></span> <span class='ocrx_word' id='word_1_110' title='bbox 341 2770 444 2858; x_wconf 82' lang='lat' dir='ltr'><strong>corda</strong></span> <span class='ocrx_word' id='word_1_111' title='bbox 474 2808 563 2879; x_wconf 79' lang='lat' dir='ltr'><strong>opus</strong></span> <span class='ocrx_word' id='word_1_112' title='bbox 585 2790 687 2856; x_wconf 89' lang='lat' dir='ltr'><strong>tuum</strong></span> <span class='ocrx_word' id='word_1_113' title='bbox 714 2781 930 2879; x_wconf 84' lang='lat' dir='ltr'><strong>aggrediaris</strong></span> <span class='ocrx_word' id='word_1_114' title='bbox 948 2793 982 2856; x_wconf 98' lang='lat' dir='ltr'><strong>et</strong></span> <span class='ocrx_word' id='word_1_115' title='bbox 1001 2786 1089 2857; x_wconf 90' lang='lat' dir='ltr'><strong>bene</strong></span> <span class='ocrx_word' id='word_1_116' title='bbox 1116 2784 1240 2870; x_wconf 87' lang='lat' dir='ltr'><strong>valeas,</strong></span> <span class='ocrx_word' id='word_1_117' title='bbox 1268 2783 1385 2856; x_wconf 85' lang='lat' dir='ltr'><strong>fausta</strong></span> 
     </span>
    </p>
   </div>
   <div class='ocr_carea' id='block_1_10' title="bbox 212 2947 455 3044">
    <p class='ocr_par' dir='ltr' id='par_1_15' title="bbox 212 2947 455 3044">
     <span class='ocr_line' id='line_1_16' title="bbox 212 2947 455 3044; baseline -0.004 -25"><span class='ocrx_word' id='word_1_118' title='bbox 212 2971 344 3044; x_wconf 81' lang='lat' dir='ltr'><strong>precor.</strong></span> <span class='ocrx_word' id='word_1_119' title='bbox 454 2947 455 2950; x_wconf 66' lang='grc'>’</span> 
     </span>
    </p>
   </div>
   <div class='ocr_carea' id='block_1_11' title="bbox 285 3110 814 3196">
    <p class='ocr_par' dir='ltr' id='par_1_16' title="bbox 285 3110 814 3196">
     <span class='ocr_line' id='line_1_17' title="bbox 285 3110 814 3196; baseline -0.006 -11"><span class='ocrx_word' id='word_1_120' title='bbox 285 3191 287 3194; x_wconf 63' lang='grc'><strong>,</strong></span> <span class='ocrx_word' id='word_1_121' title='bbox 307 3111 465 3196; x_wconf 86' lang='lat' dir='ltr'><strong>Parisiis,</strong></span> <span class='ocrx_word' id='word_1_122' title='bbox 486 3110 543 3184; x_wconf 89' lang='lat' dir='ltr'><strong>die</strong></span> <span class='ocrx_word' id='word_1_123' title='bbox 562 3113 583 3183; x_wconf 87' lang='lat'>6</span> <span class='ocrx_word' id='word_1_124' title='bbox 602 3111 686 3184; x_wconf 86' lang='lat' dir='ltr'><strong>maii</strong></span> <span class='ocrx_word' id='word_1_125' title='bbox 707 3111 814 3184; x_wconf 83' lang='lat'>1873.</span> 
     </span>
    </p>
   </div>
   <div class='ocr_carea' id='block_1_12' title="bbox 1004 3359 1368 3493">
    <p class='ocr_par' dir='ltr' id='par_1_17' title="bbox 1004 3359 1368 3493">
     <span class='ocr_line' id='line_1_18' title="bbox 1004 3359 1368 3493; baseline 0 -1"><span class='ocrx_word' id='word_1_126' title='bbox 1004 3419 1043 3492; x_wconf 92' lang='lat' dir='ltr'><strong>P.</strong></span> <span class='ocrx_word' id='word_1_127' title='bbox 1075 3359 1280 3493; x_wconf 77' lang='lat' dir='ltr'><strong>Mnrr&#39;rrN.</strong></span> <span class='ocrx_word' id='word_1_128' title='bbox 1366 3413 1368 3416; x_wconf 65' lang='grc'><strong>’</strong></span> 
     </span>
    </p>
   </div>
   <div class='ocr_carea' id='block_1_13' title="bbox 0 0 1804 5284">
    <p class='ocr_par' dir='ltr' id='par_1_18' title="bbox 0 0 1804 5284">
     <span class='ocr_line' id='line_1_19' title="bbox 0 0 1804 5284; baseline 0 0"><span class='ocrx_word' id='word_1_129' title='bbox 0 0 1804 5284; x_wconf 95' lang='lat' dir='ltr'><strong> </strong></span> 
     </span>
    </p>
   </div>
  </div>
 </body>
</html>
