3598 5284
734 367 926 437 -17...1

776 561 916 650 ΗΠ..

562 731 603 774 no
621 729 696 774 alliu
714 730 817 786 signis
835 729 1103 786 orthographicis.

293 887 352 959 20.
383 885 526 959 Habent
544 895 720 984 praeterea
739 888 901 962 Aramaei
921 897 1071 986 systema
1090 887 1301 986 completum
1314 915 1419 985 punc·

246 1026 352 1090 torum
378 1027 412 1091 et
438 1021 622 1104 linearum,
651 1019 705 1093 illi
732 1020 827 1118 quod
858 1021 961 1118 apud·
980 1019 1161 1094 Hebraeos
1189 1021 1226 1092 in
1254 1046 1321 1094 usu
1351 1023 1419 1095 fuit

245 1150 386 1222 omnino
412 1151 611 1247 analogum,
630 1176 702 1249 quo
727 1151 885 1224 indicant
902 1155 1218 1247 interpunctionem,
1247 1161 1415 1239 accentus,
1481 1133 1485 1138 ⁴

244 1284 387 1376 quietem
418 1282 636 1368 litterarum,
659 1284 874 1376 abjectionem
910 1292 944 1356 et
976 1285 1194 1356 adscitionem
1215 1285 1414 1370 uocatum,

245 1414 395 1484 unionem
408 1438 519 1484 uocum
532 1415 567 1483 in
578 1417 868 1507 pronuntiatione.
890 1416 1024 1489 Verum
1045 1440 1086 1487 ea
1099 1417 1216 1488 omnia
1228 1415 1285 1488 hio
1300 1441 1418 1488 recen-

245 1566 320 1614 sere
336 1543 432 1615 haud
450 1569 647 1640 possumus.
1114 1627 1117 1632 ,

295 1677 355 1748 al.
386 1676 494 1747 Linea
525 1700 615 1773 quae
644 1676 862 1774 frequentius
890 1679 1040 1752 ooourrit
1070 1686 1212 1752 vocatur
1230 1681 1416 1766 occultans,

199 1894 200 1898 Ἰ
248 1809 330 1906 quia
356 1807 487 1881 indicat
511 1809 678 1894 litteram,
692 1835 798 1904 supra
820 1835 926 1906 quam
949 1810 1043 1908 apud
1063 1810 1259 1887 Orientales
1277 1819 1311 1883 et
1328 1811 1420 1884 infra

244 1966 350 2038 quam
369 1941 463 2038 apud
477 1941 717 2014 Occidentales
731 1942 948 2029 scribitur,in
963 1943 1247 2046 pronuntiatione
1259 1969 1330 2016 nou
1345 1929 1419 2016 esse

151 2111 155 2120 ·
224 2073 439 2176 legendam.
461 2074 517 2147 Ita
541 2075 577 2146 iu
595 2075 658 2164 14⁰1
686 2075 743 2146 vel
767 2075 1046 2180 tjj,in1203vel
1071 2077 1136 2183 139,
1165 2076 1203 2147 iu
1228 2077 1340 2171 tissssss
1366 2077 1420 2148 vel
1481 2077 1484 2083 ’

241 2205 367 2314 tuse,
382 2205 528 2277 aneoue
541 2232 647 2300 amm
662 2207 716 2279 vu
728 2210 825 2301 infra
840 2207 988 2303 scriptae
1002 2173 1301 2280 indicant-litteras
1316 2209 1415 2304 oras,

245 2339 305 2408 He
319 2344 355 2435 et
373 2340 477 2409 Noun
494 2362 562 2410 non
582 2340 702 2411 sentiri
724 2340 764 2412 in'
775 2308 1072 2436 pronuntiatione.

295 2470 354 2543 22.
382 2469 448 2540 Sex
469 2453 604 2541 litterae
623 2471 755 2584 aa&
781 2473 910 2567 duplici
929 2472 982 2543 vel
1003 2473 1136 2566 triplici
1161 2471 1315 2568 gaudent
1339 2495 1416 2568 pro·
1459 2506 1463 2515 ⁴
1499 2533 1503 2540 .

244 2599 476 2684 nuntiatione,
499 2625 588 2697 quae
616 2599 788 2696 distingui
819 2602 905 2673 solet
936 2610 1068 2697 puncto
1098 2627 1205 2697 supra
1236 2602 1288 2674 vel
1322 2603 1419 2696 infru

209 2827 211 2830 Ι
246 2729 388 2826 scripto,
406 2729 548 2827 quidem
563 2731 660 2802 rubro
673 2730 710 2802 in
727 2730 971 2824 manuscriptis
985 2730 1260 2803 occidentalibus
1275 2738 1310 2802 et
1324 2735 1420 2826 nipro

244 2862 281 2934 in
300 2861 548 2959 manuscriptis
566 2861 804 2934 orientalibus.
827 2861 918 2932 Cum
930 2873 1069 2959 puncto
1084 2866 1181 2957 infra
1196 2863 1325 2958 scripto
1341 2861 1418 2958 pro·

244 2993 454 3066 nuntiantur
476 3019 534 3066 sex
558 2994 639 3066 illae
660 2994 795 3066 litterae
820 3019 898 3066 oum
922 2973 1136 3090 aspiratione
1153 2994 1247 3092 quod
1274 3002 1420 3064 vocatur

244 3131 416 3198 arameiee
445 3126 630 3200 Rouddolci
650 3150 711 3198 seu
729 3128 901 3212 mollitiem
924 3149 1005 3198 cum
1023 3133 1152 3222 puncto
1169 3097 1271 3221 supra
1291 3125 1419 3221 scripto

243 3235 521 3353 pronuntiantur
549 3257 624 3330 sine
651 3256 862 3355 aspiratione
892 3257 929 3328 id
950 3266 1002 3328 est
1020 3237 1138 3344 durae,
1163 3257 1258 3354 quod
1289 3257 1419 3332 dicitur

243 3392 413 3460 aramaioe
431 3387 620 3484 pouscdoio.
1089 3488 1095 3499 .

293 3524 351 3593 23.
374 3521 608 3611 Quandouam
624 3520 845 3616 pronuntiari
859 3520 931 3593 siue
951 3519 1162 3617 aspiratione
1179 3518 1330 3591 debeant
1343 3517 1416 3590 lon·

243 3679 327 3751 gum
346 3665 436 3727 esset
465 3654 633 3727 stabilire.
652 3653 869 3738 Generatim,
889 3654 948 3725 hio
970 3653 1110 3724 eaedem
1135 3652 1255 3748 vigent
1277 3652 1417 3748 regulae

244 3811 283 3858 aa
301 3787 395 3885 apud
413 3785 594 3859 Hebraeos
608 3784 650 3856 de
665 3785 825 3879 Dapesclr
844 3787 923 3870 leni,
944 3786 979 3859 id
995 3798 1046 3858 est
1066 3810 1171 3857 sonus
1187 3793 1238 3856 est
1257 3785 1361 3856 durus
1380 3785 1417 3855 in

244 3900 345 3990 initio
360 3922 471 4014 etfine
486 3917 652 4014 syllabae,
671 3907 775 3989 modo
788 3891 985 3989 immediate
995 3943 1063 3990 non
1082 3917 1262 3988 antecedat
1274 3918 1413 3988 uocalis.

292 4054 351 4122 24.
380 4049 503 4121 Finem
522 4037 685 4146 phraseos
704 4052 799 4121 unico
814 4063 1126 4146 punetopoaouquo
1141 4047 1246 4133 dieta,
1264 4047 1417 4119 medium

240 4167 372 4264 primae
397 4167 507 4264 partis
537 4166 661 4238 duobus
689 4159 828 4262 punctis
858 4165 1206 4263 perpendicularibus
1233 4163 1415 4236 :aed'uaio

242 4281 345 4354 dictis
369 4291 414 4378 et
432 4280 581 4352 minores
603 4279 791 4353 divisiones
810 4279 949 4353 duobus
973 4280 1110 4376 punctis
1128 4281 1257 4376 oblique
1280 4278 1417 4374 scriptis

240 4397 373 4469 inferne
388 4441 399 4473 ·.
412 4404 447 4467 et
466 4419 615 4492 superne
632 4441 658 4481 .·,
680 4419 770 4491 quae
784 4405 953 4468 vocantur
969 4395 1273 4480 laci'toio,Eloio,
1292 4401 1416 4465 notant

240 4511 419 4586 Aramaei.

277 4643 348 4698 Nota
362 4643 432 4698 benc.
446 4639 521 4710 Quae
535 4634 748 4696 fusiusevolvere
761 4657 896 4713 possemus
910 4641 942 4696 de
952 4641 1057 4712 ponetis
1070 4641 1179 4710 napata,
1190 4639 1279 4693 mediis
1292 4639 1417 4708 etparar‘s

239 4735 267 4788 et
279 4730 311 4788 de
324 4730 382 4788 aliis
393 4719 504 4796 lincolia,
517 4729 702 4804 praeterquod
714 4728 821 4787 rarovel
829 4748 961 4802 nunquam
970 4733 1109 4786 occurrant
1117 4729 1145 4784 in
1153 4727 1297 4801 impressis,
1309 4743 1417 4800 parvam

239 4822 340 4881 faciunt
348 4823 382 4879 ad
391 4824 569 4894 coguitionem
578 4821 685 4895 linguae
694 4823 849 4897 aremaioee,
860 4822 929 4880 unde
939 4822 982 4880 hio
992 4840 1024 4879 ea
1035 4819 1160 4880 consulto
1171 4817 1417 4894 praetermittimus.
