3598 5284
900 393 947 405 -
975 352 1093 426 20⁴-

273 533 276 539 ⁸
407 545 442 618 in
490 542 675 643 praeterito
718 546 942 638 omittuntur,
976 547 1179 645 praesertim
1228 499 1321 645 apud
1367 547 1578 624 Orientales.
1665 641 1667 646 Ι

409 677 630 780 Quandoque
651 678 791 752 additur
813 706 886 752 uria
911 679 1033 792 tertiae
1060 680 1269 754 masculinae
1294 680 1423 778 plurali
1440 682 1580 792 μμ

406 834 476 907 pro·
508 808 636 898 cu·
765 897 770 903 .

266 939 270 948 ’
424 913 426 917 ¹
453 942 515 1014 38.
545 933 703 1012 Verbum
730 941 990 1039 substantiyum
1014 957 1065 1028 1001
1091 949 1162 1031 suit
1188 943 1351 1041 sequitur
1379 941 1581 1041 paradigma

405 1074 593 1146 verborum
611 1071 683 1159 '⁰11‘
713 1083 747 1146 et
780 1099 909 1171 paucas
947 1072 1082 1171 patitur
1113 1075 1344 1172 exceptiones.
1380 1075 1481 1165 Quae
1515 1076 1579 1147 fre-

406 1204 570 1300 quentius
602 1205 751 1278 occurrit
780 1215 835 1278 est
869 1204 1112 1302 suppressio«.
1140 1204 1179 1286 ¹in
1211 1204 1344 1292 futuro,
1380 1204 1580 1303 praesertim

404 1335 442 1408 in
459 1337 570 1409 tertiis
585 1338 753 1434 personis,
776 1337 832 1410 Sic
851 1338 979 1415 dicitur
1001 1341 1064 1422 tiu,
1089 1336 1162 1447 'pah
1182 1362 1245 1433 pro
1263 1341 1345 1426 aad,
1381 1337 1472 1447 pini
1496 1339 1581 1432 (Po-

405 1474 572 1558 rodipnzu
590 1468 671 1564 III).
762 1475 765 1481 '
834 1550 836 1554 ,
1473 1553 1478 1565 ‚

455 1567 514 1673 39'.
545 1601 635 1673 Sunt
663 1610 696 1674 et
723 1601 811 1674 aliae
841 1601 972 1674 formae
1000 1625 1088 1698 quas
1114 1599 1333 1697 grammatici
1362 1599 1578 1672 adverbum
1641 1657 1643 1662 ,

404 1731 563 1827 regulare
582 1723 707 1805 referia
737 1734 861 1820 solent,
893 1743 982 1830 quae
1003 1743 1120 1804 tamen
1144 1739 1236 1803 recte
1264 1731 1405 1825 tractari
1433 1739 1581 1827 possunt

404 1867 771 1950 accommodemus,
792 1885 855 1933 nec
875 1862 999 1966 seriam
1015 1862 1185 1958 praebent
1207 1860 1448 1935 difficultatem
1460 1852 1581 1961 'flexio-
1604 1899 1607 1903 ·
1722 1955 1725 1962 .

402 1992 473 2064 nis.
492 1993 630 2066 Harum
647 1993 725 2066 vide
738 1993 944 2091 Paradigma
960 1994 1191 2087 (Purudrprno
1211 1993 1291 2084 IV).
1323 2017 1327 2022 ·

916 2281 961 2393 “a
988 2302 1037 2374 n.
1077 2295 1078 2303 ‘

628 2501 631 2508 '
692 2507 734 2549 Do
751 2507 846 2549 vor-bo
864 2499 1036 2560 lrrdgulari
1052 2503 1083 2548 et
1100 2501 1292 2561 imperfecto.

449 2652 509 2722 40.
542 2649 656 2734 Verba
679 2650 885 2748 irregularia
911 2651 1076 2724 dicuntur
1094 2676 1197 2748 quae,
1218 2652 1477 2736 informarunt,
1498 2675 1576 2748 per-

402 2807 608 2855 sonarumve
623 2785 785 2873 flexione,
808 2812 828 2859 a
845 2785 984 2879 legibus
998 2785 1122 2870 solitis
1141 2783 1575 2882 ordinaricpropternatu·
1603 2817 1607 2826 ’

401 2941 476 2988 ram
493 2917 675 3014 cujusdam
692 2919 829 2991 litterae
854 2917 1014 3017 radicalis
1034 2916 1134 2990 fortis
1157 2916 1210 2998 vel
1233 2916 1369 3002 debilis,
1392 2916 1570 2995 secedunt.

352 3146 355 3153 ¹
449 3051 509 3121 41.
540 3051 591 3122 De
612 3050 724 3122 verbis
742 3049 982 3146 gutturalibus
996 3049 1046 3120 nil
1067 3048 1218 3145 amplius
1240 3046 1365 3126 dicere,
1391 3048 1574 3120 breuitatis

399 3205 517 3266 causa,
537 3181 594 3254 hic
611 3181 790 3268 debemus,
814 3191 892 3278 post
917 3206 958 3253 ea
980 3205 1070 3278 quae
1099 3204 1205 3277 supra
1228 3179 1301 3276 jam
1329 3179 1577 3252 animadverti·
1648 3174 1650 3180 ’

406 3337 483 3384 mus
499 3323 550 3402 (n.
580 3313 627 3406 9).
998 3387 999 3390 ,
1514 3289 1516 3295 V

452 3445 512 3516 42.
542 3442 661 3516 Verba
676 3445 882 3540 irregularia
929 3441 1121 3552 ''ss''‚seu
1145 3443 1318 3528 Pellae,
1341 3440 1462 3527 idest,
1490 3466 1575 3538 quo·

400 3600 479 3647 rum
494 3574 608 3671 prima
624 3575 785 3648 radicalis
807 3585 858 3648 est
876 3583 972 3661 Nun,
999 3574 1036 3645 iu
1057 3574 1155 3650 hoca
1174 3572 1393 3672 regularibus
1412 3571 1596 3678 differunt!

400 3686 496 3804 quod
519 3715 603 3781 Nun
628 3699 819 3797 quiescens
838 3709 908 3781 sive
931 3707 1043 3781 vocali
1060 3708 1257 3804 privatum,
1285 3707 1323 3778 in
1349 3674 1593 3802 imperativis(
1637 3736 1639 3744 s

401 3841 530 3914 futuris
548 3853 583 3914 et
598 3850 671 3914 tota
687 3843 799 3927 forma
824 3843 934 3931 Aq'tei
962 3841 1113 3914 excidat.
1141 3840 1183 3912 Id
1207 3847 1327 3912 tamen
1353 3839 1391 3912 in
1418 3840 1580 3912 omnibus

401 3974 514 4047 verbis
537 3976 653 4066 locum
682 3998 751 4046 non
781 3975 901 4057 habet,
926 3981 974 4046 'ut
998 3999 1064 4046 usu
1093 3964 1274 4048 addiscent
1293 3982 1431 4071 tyrones
1445 3973 1578 4064 (Purc··

398 4112 522 4196 dicmur
538 4105 656 4196 XIII).
1047 4104 1049 4109 ’

449 4241 510 4312 43.
527 4224 653 4340 Verba
665 4237 872 4334 irregularia
887 4262 1039 4334 quarum
1058 4237 1171 4333 prima
1189 4235 1350 4308 radicalis
1368 4243 1421 4307 est
1438 4251 1447 4321 1
1472 4235 1527 4307 vel
1548 4287 1577 4320 .,
1612 4235 1618 4256 '

399 4379 583 4444 assumunt
598 4370 774 4443 vocalem*
799 4370 854 4442 vel
881 4373 894 4390 ²
914 4369 951 4441 in
969 4369 1081 4441 forma
1093 4369 1190 4457 q'tar,
1208 4368 1300 4441 unde
1316 4367 1401 4472 haec
1413 4368 1530 4447 forma
1538 4367 1579 4438 lit

398 4504 516 4590 que'tcl
537 4500 593 4573 vel
618 4507 741 4589 euitat,
767 4524 838 4597 quo
858 4499 1079 4572 semivocales
1102 4497 1242 4571 facilius
1261 4497 1407 4594 proferri
1430 4497 1577 4595 possint.

398 4631 444 4704 In
464 4631 577 4705 forma
594 4632 707 4721 cq’tct,
731 4630 952 4705 semivocales
970 4630 1177 4728 plerumque
1201 4631 1384 4702 mutantur
1410 4629 1448 4701 in
1474 4653 1576 4714 cocu,

400 4762 496 4860 quod
513 4763 799 4860 dipthocguescit
816 4787 897 4836 curn
916 4762 1028 4836 vocali
1045 4787 1068 4834 o
1080 4760 1320 4836 antecedenti.
1347 4759 1500 4858 Quando
1518 4785 1577 4833 an·
