3604 5300
726 391 922 464 ..23-

273 581 346 654 -54,
376 577 461 654 Duo
487 581 625 654 numeri
654 591 737 656 sunt
761 591 943 676 siapatare
959 594 993 658 et
1004 593 1164 676 placata·
1187 589 1257 662 duo
1284 611 1411 685 genera

148 754 149 760 κ
235 717 465 784 masculinum
483 719 518 785 et
529 719 754 802 femininam.

287 846 346 918 55.
373 844 464 918 Sunt
492 845 585 944 apud
607 831 800 922 Aramaeos
821 847 1036 923 desinentiee
1054 850 1213 949 propriae
1228 851 1410 938 feminino,

235 1003 360 1077 nempe
389 1011 397 1051 ι
434 979 500 1086 ut,
522 978 658 1087 thri*
682 981 742 1054 sed
770 981 874 1055 malti
891 979 1032 1056 termini
1065 983 1127 1080 qui
1149 971 1312 1060 videntur
1337 1011 1411 1060 esse

238 1111 422 1185 masculini
445 1112 497 1184 vel
514 1111 675 1185 feminini
691 1113 828 1212 generis
845 1120 1055 1202 desinentia,
1076 1121 1158 1188 sunt
1180 1117 1315 1214 generis
1332 1143 1412 1194 con·

238 1241 335 1315 trarii
351 1245 542 1340 (Paradip.
564 1242 717 1340 XVIII).

285 1377 347 1450 56.
376 1375 419 1448 In
444 1375 511 1448 hac
535 1375 671 1472 lingua,
695 1384 737 1449 ut
762 1375 801 1448 in
828 1375 1114 1464 omnibussunt
1138 1379 1298 1467 nomina,
1321 1351 1424 1482 quae

237 1508 369 1582 hebent
385 1511 570 1598 simpatare
587 1513 623 1578 et
638 1529 709 1578 non
722 1511 865 1597 plurale
883 1514 944 1578 aut
961 1507 1036 1579 vioe
1054 1529 1153 1582 versa
1162 1541 1171 1595 ;
1194 1509 1250 1582 vel
1264 1509 1325 1609 qui
1341 1509 1414 1586 duo

236 1641 368 1716 habent
396 1639 560 1739 pluralia,
592 1637 858 1736 significationis
873 1647 991 1712 tamen
1016 1638 1164 1714 diversa.
1191 1639 1249 1713 Sia
1273 1648 1413 1757 τὰς

238 1773 278 1826 ³¹²²
291 1779 414 1865 pedes,
433 1771 539 1886 Μ
559 1809 599 1848 =.
616 1783 801 1860 torrentes,
821 1770 902 1888 KH
919 1803 959 1826 -
986 1796 1127 1859 mamas,
1150 1773 1276 1885 stig-l
1292 1805 1333 1830 τε
1350 1798 1416 1846 aa·

238 1931 298 1996 sae
316 1906 407 2002 vasis
424 1904 620 2002 enjusdam.

290 2040 349 2112 57.
378 2015 609 2124 NominibuS‚
645 2035 841 2134 adjectivis,
871 2037 1046 2122 numeris,
1077 2035 1271 2134 pluralibus
1301 2036 1413 2135 impo-

242 2180 379 2245 nuntur
396 2170 467 2245 duo
490 2174 629 2269 puncta
646 2169 739 2243 dicta
755 2173 895 2256 nataae,
918 2193 1009 2267 quae
1025 2170 1182 2243 indicant
1195 2177 1349 2261 placate.
1371 2169 1414 2243 Id

241 2301 346 2376 etiam
367 2302 443 2391 fieri
461 2302 564 2376 debet
589 2302 624 2373 in
647 2301 759 2374 tertiis
785 2301 941 2398 personis
962 2301 1157 2399 pluralibus
1180 2300 1360 2398 praeteriti
1376 2301 1413 2374 in

242 2435 410 2509 feminino
428 2459 565 2532 genere.
587 2434 784 2507 Orientales
802 2435 974 2508 contrarie
994 2444 1117 2532 agunt.
1139 2436 1181 2508 In
1198 2433 1414 2533 quibusdam
1448 2423 1452 2433 ’

190 2663 192 2671 X
241 2542 508 2664 pronominibus
534 2566 712 2640 femininis
734 2566 854 2640 eadem
884 2567 1004 2664 regula
1031 2575 1200 2654 servatur,
1220 2566 1280 2640 sed
1298 2591 1414 2663 gram-

240 2700 360 2774 matici
378 2723 447 2773 non
463 2701 699 2785 consentiunt,
722 2698 775 2772 vel
791 2723 862 2772 non
877 2697 943 2770 sibi
953 2696 1130 2770 donstant.

291 2835 349 2906 58.
381 2831 567 2931 Quomodo
589 2831 663 2904 fieri
686 2832 818 2904 soleant
840 2830 1053 2902 mutationes
1072 2828 1244 2902 vocalium
1261 2828 1413 2901 transitu

239 2963 381 3037 termini
412 2965 457 3036 ab
486 2967 640 3036 absoluto
670 2961 715 3034 ed
744 2967 994 3052 emphaticam,
1028 2959 1081 3032 vel
1113 2985 1135 3032 a
1164 2962 1344 3050 stupratori
1369 2959 1414 3032 ad

234 3101 386 3183 placate,
408 3093 463 3164 vel
479 3118 499 3164 a
515 3093 709 3164 masculino
740 3090 785 3163 ad
797 3098 1018 3181 femininam,
1036 3091 1180 3187 longum
1195 3098 1287 3161 esset
1306 3113 1411 3186 expo·
1440 3157 1442 3162 .

239 3249 331 3297 nere.
354 3226 395 3297 ln
410 3225 478 3297 hoc
496 3249 658 3322 supreme
682 3225 743 3296 lex·
755 3230 852 3296 usus.
875 3222 1042 3309 Proinde,
1061 3220 1243 3298 brevitatis
1258 3229 1293 3293 et
1310 3220 1411 3292 clari·

154 3405 156 3411 -
239 3356 319 3430 tatis
350 3379 468 3441 causa,
496 3354 724 3427 consulantur
742 3355 1001 3444 paradip'mata
1034 3353 1072 3426 in
1099 3350 1227 3449 quibas
1245 3350 1413 3428 terminos

240 3491 284 3563 ed
302 3489 472 3587 quasdem
486 3489 612 3580 classes
630 3487 831 3560 reduximus
849 3487 1037 3583 (Paradip.
1055 3467 1176 3571 XVII',
1195 3485 1348 3582 XVIII).

291 3625 349 3696 59.
379 3621 480 3712 Quae
502 3620 653 3694 diximus
672 3620 715 3692 de
737 3620 892 3706 nomine,
909 3643 988 3691 cum
1003 3619 1140 3692 valeant
1158 3616 1350 3715 generatim
1369 3617 1413 3688 de

240 3760 481 3842 adjectivis-,et
509 3755 552 3828 de
577 3755 794 3845 participiis
826 3753 870 3825 de
896 3751 949 3824 his
976 3751 1119 3824 seorsim
1154 3774 1225 3823 non
1251 3773 1408 3846 agemus.
1529 3841 1539 3859 .

238 3885 390 3959 Tantum
419 3885 581 3959 dabimus
612 3884 854 3984 paradigmata
888 3889 1127 3956 numeralium
1160 3881 1413 3969 adjectivorum

110 4062 112 4064 -
236 4020 431 4109 (Paradip.
449 4017 569 4103 XIX).
609 4117 611 4126 y
1325 4005 1326 4010 ¹

441 4205 457 4253 x
587 4195 588 4202 a
