3598 5284
946 249 1118 350 Ἵσ-

441 463 573 535 Tsalibi
592 462 792 547 Amideusi,
814 462 1016 558 praesertim
1038 485 1119 533 curn
1145 461 1223 533 Elia
1241 461 1458 546 Anbareusi,
1481 461 1614 558 Grego-

347 614 351 622 ·
440 593 492 663 rio
510 591 770 676 Bar-Hebraeo,
793 590 870 664 Elia
894 592 979 675 lll⁰,
1000 593 1135 665 Jacobo
1158 593 1374 686 Tagriteusi‚
1400 592 1611 677 Ebeddesu,

440 750 590 826 quorum
608 749 725 821 opera,
745 749 890 796 numero
911 736 945 796 et
969 726 1139 810 doctrina,
1161 751 1229 799 non
1256 750 1334 797 raro
1359 725 1508 798 conferri
1537 751 1612 822 pos·

440 865 523 933 suut
541 881 621 928 cum
640 856 867 952 scriptoribus
886 857 1102 930 nostratibus
1121 857 1275 955 ejusdem
1290 851 1426 928 aetatis.

490 992 587 1070 Quae
606 999 846 1075 monumenta,
867 991 896 1062 si
923 991 1120 1076 ederentur,
1147 1001 1232 1086 puto
1261 992 1338 1088 plus
1359 1002 1499 1063 eentum
1517 991 1613 1062 volu-

440 1121 534 1194 mina
554 1122 590 1193 in
610 1121 693 1194 folio
711 1121 806 1193 haud
825 1121 1026 1208 suffectura,
1048 1123 1250 1219 praesertim
1267 1123 1293 1194 si
1310 1119 1537 1218 apparatibus
1552 1121 1615 1194 cri·

439 1252 517 1324 ticis
541 1254 773 1324 nrunirentur.
799 1251 900 1323 Unde
916 1251 971 1324 hio
988 1249 1217 1326 Dominicuru
1245 1277 1413 1348 usurpare
1437 1251 1611 1323 verbum:

439 1393 561 1456 mesaia
591 1392 725 1474 quidem
756 1393 866 1474 multu
897 1393 1056 1480 operarii
1085 1398 1202 1458 autern
1225 1395 1354 1475 ponci,
1381 1386 1459 1480 jure
1491 1386 1616 1456 merito

440 1542 635 1612 possumus,

487 1648 544 1721 Ad
562 1673 611 1721 xv
624 1651 805 1722 saeculum
824 1674 947 1746 usque,
960 1649 1015 1720 vix
1035 1649 1209 1748 Europaei
1228 1633 1392 1721 extremis
1408 1648 1515 1720 labris
1534 1648 1613 1721 atti·

438 1758 751 1878 geruntlinguam
779 1769 990 1854 ‘Araruaeam
1019 1782 1162 1878 ejusque
1197 1789 1436 1854 monumenta.
1470 1781 1616 1853 Saeculo

439 1928 553 1983 tamen
574 1912 810 2008 xv1⁰quidaru
829 1911 1026 1984 maronitae
1045 1913 1191 1995 Romae,
1212 1911 1390 1983 Abraham
1416 1911 1612 1984 Ecehellen·

439 2042 499 2128 sia,
521 2041 664 2127 scilieet,
694 2043 883 2128 Naironus,
905 2042 1037 2118 Arnim.
1060 2054 1125 2113 etc.
1147 2041 1259 2114 multa
1277 2043 1526 2139 praestiterunt
1548 2043 1612 2113 uti·
1661 2035 1663 2038 ’

440 2173 500 2244 lia.
523 2187 626 2244 xvur⁰
640 2174 788 2258 saeculo,
806 2173 938 2246 Romae
952 2173 1092 2258 iterum,
1103 2171 1265 2243 inaudito
1282 2173 1464 2268 splendore
1480 2172 1613 2264 clarue·
1670 2261 1677 2276 ι

441 2315 523 2378 runt
558 2305 675 2376 studia
706 2309 896 2390 Aramaua,
942 2305 1119 2381 Clemente
1154 2305 1219 2376 ΧΙ·
1248 2314 1469 2401 protegente,
1510 2327 1614 2400 opera

424 2437 648 2545 ¹immortalis
679 2447 783 2532 atque
814 2461 897 2508 aevo
919 2437 1106 2534 perennius
1138 2437 1328 2509 duraturae
1355 2435 1479 2508 Gentis
1508 2440 1612 2508 Asse-

441 2569 636 2641 uraniauae.
682 2549 897 2639 Bibliotheca
944 2571 1135 2640 orientalis
1170 2571 1407 2644 Clementiae·
1423 2575 1610 2652 Vaticana,

438 2708 540 2773 Santi
557 2707 754 2792 Ephraerni
770 2726 898 2792 opera·
915 2708 1033 2774 Cadere
1056 2705 1273 2792 Lit'arpa'crre,
1297 2705 1457 2792 Cctuloya'
1474 2703 1610 2778 Biblio-

437 2834 563 2906 tlreece
575 2841 774 2918 Vaticaaae,
790 2845 856 2906 etc.
866 2834 1052 2931 omnigena
1070 2829 1198 2930 scripta
1212 2835 1249 2907 iu
1265 2834 1376 2908 ludam
1391 2829 1607 2931 prodierunt.

439 2967 567 3038 Nostra
595 2974 703 3049 aetas,
740 2967 940 3061 praesertim
970 2989 1013 3035 ex
1043 2989 1112 3061 quo
1136 2965 1371 3060 antiquissimi
1394 2963 1526 3069 codices
1549 2963 1612 3034 Ni·

400 3097 401 3100 '
439 3099 582 3172 trienses
596 3099 633 3170 iu
652 3097 837 3169 Musaeum
857 3097 1101 3170 Britannicum
1119 3075 1345 3182 devenerunt,
1366 3098 1474 3168 multa
1494 3106 1613 3192 protu-

432 3231 478 3308 lit
518 3242 553 3301 et
586 3227 744 3324 quotidie
778 3229 906 3322 profert
949 3227 1115 3324 Syrorum
1151 3227 1301 3324 scripta,
1335 3227 1546 3322 praesertim·
1573 3226 1610 3298 in

438 3361 567 3456 Anglia
586 3359 840 3444 et'Germauia.
863 3357 1023 3448 Quorum
1043 3361 1071 3430 si
1096 3360 1173 3454 quis
1191 3359 1328 3430 idaeam
1346 3359 1412 3429 sibi
1430 3357 1612 3430 efformare
1698 3359 1707 3376 '

437 3492 519 3562 velit
544 3492 701 3562 consulat
720 3495 928 3588 opusculum
950 3491 995 3564 G.
1019 3491 1179 3563 Bickell:
1205 3499 1412 3582 Conspectus
1426 3497 1488 3562 Hei
1505 3495 1611 3579 Syro-

436 3648 516 3692 rum
535 3629 733 3706 litterariae
752 3624 799 3718 (l.

485 3755 586 3852 Rogo
605 3755 720 3826 denuo
739 3766 773 3825 et
789 3753 907 3826 hortor
921 3754 1066 3850 juvenes
1092 3780 1331 3852 quoscumque
1348 3755 1478 3852 quibus
1495 3754 1611 3828 Eccle-

436 3887 508 3958 siae
525 3889 630 3960 decus
648 3898 682 3958 et
706 3887 788 3958 cleri
812 3885 921 3958 honor
948 3888 1044 3957 cordi
1068 3897 1167 3970 suut,
1190 3895 1228 3958 ut
1249 3887 1465 3958 litteraturae
1496 3887 1608 3959 orien-
1663 3959 1666 3964 .

435 4019 498 4090 tuli
523 4043 663 4114 operam
685 4028 769 4090 uent
800 3996 1001 4114 plurimam.
1024 4017 1126 4090 Brevi
1153 4043 1194 4088 ex
1213 4043 1253 4092 ea
1271 4019 1440 4116 plurimos
1466 4027 1610 4115 carpent

436 4156 587 4258 t'ructusj
612 4162 734 4246 atquc,
761 4150 789 4220 si
812 4150 907 4246 quod
934 4151 1121 4222 consilium
1146 4151 1230 4224 dare
1256 4177 1408 4249 possem,
1438 4151 1609 4246 incipiant

434 4284 556 4379 lingua
585 4285 770 4368 Araruaea,
799 4291 921 4378 utpote
951 4282 1116 4368 faciliori,
1157 4283 1350 4386 stroderem.
1386 4282 1454 4354 Eos
1483 4307 1608 4356 moneo
1689 4272 1691 4275 ⁵

433 4413 577 4485 demum
608 4438 662 4485 me
690 4415 724 4486 iu
752 4412 980 4510 sequentibus
998 4414 1117 4510 paucis
1136 4415 1273 4511 paginis
1303 4416 1402 4487 nullo
1421 4415 1525 4488 modo
1548 4440 1608 4486 eu·

445 4593 448 4600 Ι
471 4612 513 4680 (l)
533 4610 646 4666 Constat
661 4618 714 4666 tres
728 4593 841 4667 francos.
878 4667 881 4672 ,
