3604 5300
834 486 1018 560 -er-
1096 463 1098 467 ⁴

232 703 234 707 -
338 659 418 764 bere
445 655 569 732 clavim
596 660 719 732 sinon
750 659 981 756 aperiamusl)
1022 684 1061 730 ao
1099 657 1325 730 orientalium
1363 658 1516 755 cujusvis

339 822 474 918 generis
494 832 802 895 monumentorum
830 822 922 919 apud
944 847 1021 906 uos,
1043 821 1245 918 praesertim
1271 813 1364 918 apud
1384 821 1514 894 clerum

238 1075 241 1081 Ι
341 985 489 1099 Galliae,
512 987 625 1060 adhue
635 991 727 1091 jacet
747 988 996 1074 studium‚·has
1015 989 1101 1060 duas
1119 959 1289 1085 tanquam
1308 986 1517 1084 principales

340 1156 486 1250 agnovi:
510 1158 543 1226 l⁰
561 1163 732 1244 defectam
752 1161 921 1227 librorum
931 1181 1001 1250 pro
1020 1125 1213 1246 tyronibus
1237 1155 1273 1226 id
1301 1164 1365 1241 est,
1395 1180 1515 1245 pram·
1598 1167 1600 1170 ’

316 1325 554 1390 ‘nauticarum
588 1333 622 1390 et
649 1326 857 1403 tauricorum,
891 1321 929 1392 2⁰
955 1327 1141 1390 caritatem
1169 1327 1318 1390 nimiam
1346 1324 1518 1390 libromrm

331 1488 413 1571 jum
440 1490 667 1554 constantium.
702 1481 809 1554 Multi
836 1484 941 1569 enim,
974 1483 1176 1578 praesertim
1199 1483 1284 1555 dum
1308 1483 1434 1555 studiis
1460 1509 1517 1555 va·
1592 1521 1597 1533 ·

340 1653 433 1728 eant,
459 1671 527 1716 non
547 1645 614 1718 nisi
631 1647 741 1717 libros
761 1646 879 1742 exigui
898 1646 1001 1741 pretii
1030 1670 1229 1742 comparare
1247 1656 1408 1743 possunt.
1431 1646 1517 1718 Inde

340 1812 455 1884 evenit
491 1821 539 1894 ut,
559 1774 759 1908 ignorantes
788 1838 830 1884 an
859 1813 1015 1910 studium
1033 1813 1235 1908 linguarum
1263 1812 1332 1885 illis
1352 1813 1403 1886 vel
1431 1812 1517 1885 utile

340 1976 392 2045 vel
425 1975 587 2072 possibile
619 1979 671 2049 vel
696 1978 819 2049 saltem
842 1976 1040 2073 jucundum
1064 2001 1137 2048 esse
1164 1976 1292 2072 possit,
1325 1967 1432 2049 libros
1459 2001 1517 2048 ne-

343 2141 507 2212 cessarios
535 2145 645 2214 emere
668 2167 795 2238 magno
821 2143 932 2239 pretio
958 2143 1147 2240 refugiant,
1173 2167 1236 2214 nec
1260 2143 1402 2220 omnino
1426 2143 1516 2216 vitu·

345 2305 487 2400 parandi
507 2317 602 2378 sunt.
1221 2265 1222 2268 Ἴ

387 2467 482 2558 Quid
508 2493 571 2566 ego
598 2469 829 2566 praestiterim
858 2471 977 2566 paucis
1008 2450 1206 2570 expediam.
1245 2452 1353 2544 Volui
1381 2471 1418 2544 in
1445 2471 1512 2544 hoc

338 2630 494 2702 libellulo
511 2630 647 2703 tradere
664 2632 885 2728 omniaquae
903 2641 984 2705 sunt
999 2635 1193 2706 necessaria
1213 2644 1252 2706 ut
1270 2635 1349 2732 quis
1368 2635 1513 2733 aggredi

337 2797 446 2893 possit
464 2797 620 2870 studium
640 2797 779 2895 linguae
794 2824 985 2886 aramaeae,
1008 2800 1118 2896 ipsius
1137 2800 1294 2897 judicare
1312 2801 1510 2898 ingenium,

342 2961 457 3032 videre
480 2987 523 3034 an
549 2962 656 3058 digna
682 2961 727 3034 sit
745 2987 834 3058 quae
852 2964 1041 3050 excolatur,
1064 2964 1149 3060 quin
1170 2965 1320 3038 multum
1346 2965 1513 3062 temporis
1586 3016 1608 3041 .·

338 3143 372 3197 et
391 3127 526 3223 argenti
543 3126 625 3199 huic
644 3127 880 3223 experimento
899 3105 1073 3200 consecret
1086 3130 1152 3224 (ι).,

393 3296 426 3363 l⁰
448 3291 493 3396 ln
518 3291 795 3389 praefatiuncula
830 3290 949 3388 paucis
987 3291 1101 3364 verbis
1146 3294 1290 3367 tentabo
1331 3294 1514 3367 ostendere

339 3435 527 3532 utilitatem
546 3457 654 3532 studii
672 3433 873 3555 linguarum
890 3458 1128 3544 orientalium,
1148 3486 1187 3533 ao
1201 3461 1404 3558 praesertim
1420 3464 1510 3534 Ara-

339 3622 427 3694 maei
447 3646 507 3694 seu
527 3621 813 3719 Syro-Chaldaici
830 3621 1024 3695 idiomatis.

387 3791 424 3860 2⁰
449 3787 588 3860 Deinde
606 3813 712 3886 quarn
731 3787 883 3860 breviter
900 3788 976 3860 fieri
1001 3797 1115 3884 potest
1142 3787 1312 3860 elementa
1338 3813 1512 3885 gramma-

339 3951 426 4023 ticae
445 3951 594 4039 tradam,
616 3953 808 4024 necessaria
828 3962 982 4025 tractans
1001 3962 1036 4024 et
1054 3952 1265 4025 scientificus
1291 3953 1514 4049 quaestiones

257 4106 266 4140 ³
338 4143 532 4191 semovens.
623 4097 625 4102 ι

385 4287 423 4358 3⁰
449 4285 629 4377 Quosdam
648 4295 764 4359 textus
791 4287 935 4359 omnino
960 4286 1112 4359 ineditos
1130 4285 1263 4384 publici
1278 4285 1368 4382 juris
1385 4285 1510 4358 faciam

336 4477 414 4523 curn
435 4449 692 4535 dictionariolo‚
712 4449 762 4562 ita
781 4459 819 4522 ut
838 4449 1031 4536 studiosus,
1062 4450 1099 4522 in
1118 4450 1183 4523 hoo
1201 4448 1372 4535 libellulo,
1395 4451 1512 4522 omnia

335 4617 487 4714 reperiat
502 4641 592 4714 quae
608 4615 837 4712 requiruntur
852 4594 896 4688 ad
910 4614 1159 4712 acquirendam
1176 4614 1319 4713 linguae
1333 4615 1509 4690 notitiam.

307 4871 309 4874 '
372 4866 413 4936 (1)
432 4862 506 4921 Idem
523 4863 576 4936 jam
597 4817 730 4937 praestitit
750 4858 797 4934 pro
816 4843 906 4935 lingua
926 4859 1047 4918 hebraica
1068 4859 1237 4916 Clarissimus
1257 4860 1359 4917 Voseu.
