3604 5300
735 459 931 530 -11-

242 649 382 722 saeculo
408 657 475 722 v11⁰
504 649 642 723 labente
673 652 726 724 vel
756 664 839 728 v1n⁰
863 655 1020 743 ineunte,
1056 661 1202 733 tentavit
1228 665 1419 760 scripturae

241 783 377 854 vocales
395 783 566 878 quasdam
592 783 723 898 formae
749 789 970 885 particularis
995 789 1162 880 inserere,
1192 796 1417 891 quemadmo-

241 913 329 986 dum
352 913 389 987 id
414 916 491 988 fieri
515 917 602 990 solet
623 917 659 990 in
685 918 815 1017 linguis
841 907 1168 1020 indo-germanicis3
1190 950 1309 1000 verum
1329 929 1419 1002 hanc
1524 1003 1527 1008 .

240 1047 503 1121 innovationem
517 1073 699 1154 nunquam
717 1052 754 1124 in
773 1077 882 1152 usum(
895 1055 1035 1156 cessisse
1053 1063 1150 1129 const
1174 1064 1202 1130 t.

290 1177 326 1253 3.
354 1179 478 1268 Voces,
500 1207 571 1254 una
594 1184 636 1256 ab
660 1183 781 1271 altera,
803 1186 1010 1283 plerumque
1038 1198 1256 1284 separantur,
1278 1213 1356 1262 raro
1381 1192 1417 1263 in

240 1312 310 1384 fine
329 1311 440 1384 lineae
458 1312 777 1399 dividuntur,ticet
795 1317 1007 1414 quandoque
1020 1316 1058 1389 id
1072 1318 1133 1389 fiat
1148 1317 1184 1389 iu
1203 1321 1417 1416 manuscrip-

241 1443 286 1517 tis
303 1445 516 1532 recentibus‚
538 1447 741 1542 praesertim
759 1447 989 1521 Nestorienis.
1012 1447 1050 1520 Si
1081 1449 1233 1546 spatium
1268 1474 1418 1524 vacuum

241 1554 621 1686 remaneatqquaedam
635 1575 770 1650 litterae
782 1577 875 1650 vocis
883 1580 1062 1675 sequentis
1076 1579 1415 1678 scribuntur‚super·
1504 1567 1507 1572 ⁵

239 1709 353 1805 posita
370 1707 464 1782 linea
485 1709 705 1795 horizontali‚
725 1719 760 1783 et
787 1736 852 1784 vox
880 1713 1016 1808 integra
1033 1712 1224 1809 generatim
1242 1715 1414 1812 repetitur

239 1839 274 1911 in
305 1838 408 1911 initio
432 1840 556 1912 lineae.
579 1840 800 1938 Quandoque
826 1842 930 1914 etiarn
955 1844 1107 1939 spatium
1133 1865 1281 1916 vacuum
1310 1844 1414 1917 datur

238 1971 376 2051 litterae
394 1971 616 2072 cuicumque,
639 1975 692 2046 vel
708 1975 808 2072 signo
826 1975 1013 2047 artificiali.

286 2109 323 2178 4.
352 2105 604 2191 Multifariam,
646 2131 707 2203 pro
737 2108 904 2179 varietate
931 2122 1150 2203 temporum,
1183 2107 1413 2206 distinguitur

238 2244 391 2309 caracter
417 2237 623 2310 Aramaeus.
653 2237 740 2308 Inde
769 2245 899 2324 temen,
934 2236 1060 2310 abhinc
1086 2237 1243 2334 quinque
1269 2248 1330 2311 aut
1348 2264 1415 2344 :sex

237 2371 396 2458 saeculis,
414 2370 504 2443 duae
521 2381 659 2442 tantum
673 2351 804 2444 formae
819 2381 1175 2468 usurpantur,nempe
1187 2372 1222 2443 in
1235 2371 1412 2445 occidente
1478 2446 1481 2453 ,

238 2502 343 2575 Asiae
376 2501 520 2574 minoris
564 2500 658 2598 apud
693 2505 1086 2588 MarocttoeJaooottcs,
1129 2503 1301 2599 scriptura
1349 2504 1409 2576 illa
1472 2539 1474 2542 ·

236 2638 429 2706 Jacobiticc
447 2633 490 2706 de
504 2633 643 2706 illorum
663 2632 804 2705 nomine
819 2632 924 2718 dicta,
946 2643 1050 2730 atque
1065 2635 1100 2706 in
1117 2633 1279 2707 orientali
1292 2645 1404 2731 purte,

183 2752 189 2764 ’
237 2765 332 2863 apud
353 2770 784 2849 Chaldaeo-Nestorianoa,
805 2775 957 2838 caracter
975 2766 1068 2862 viget
1095 2765 1209 2838 dictus
1226 2774 1407 2860 Nestoriu-

236 2869 317 2984 nus,
340 2898 400 2994 qui
415 2897 580 2993 majorem
596 2895 737 2992 praebet
754 2895 1019 2969 similitudinem
1043 2921 1121 2968 curn
1141 2896 1286 2994 antique
1304 2899 1408 2995 scrip·

238 3043 329 3114 tura,
347 3054 367 3100 a
383 3032 574 3119 scriptione
585 3030 856 3121 annpelt'orum
866 3033 1132 3122 Estraqpltelica
1148 3027 1254 3113 diota,
1273 3052 1412 3124 quaque

236 3186 355 3234 omnes
373 3163 564 3232 Aremaeos
579 3185 659 3233 usos
677 3159 798 3243 fuisse,
819 3169 899 3231 ante
918 3171 1046 3231 annum
1062 3159 1192 3231 Christi
1207 3160 1282 3232 nati
1301 3159 1411 3232 mille-

236 3293 376 3378 simum,
397 3301 614 3387 compertum
641 3301 705 3362 est.
734 3263 942 3387 Antiquitus
969 3297 1084 3378 tamen
1111 3288 1283 3360 exstitisse
1301 3290 1410 3386 quod·

236 3427 318 3497 darn
353 3450 464 3522 genus
494 3421 667 3496 scribendi
699 3423 822 3494 usibus
851 3421 944 3494 vitae
979 3422 1272 3494 accommodatius
1303 3447 1408 3518 quam

139 3552 142 3562 '
234 3563 527 3651 estranpltelicunc
545 3554 688 3627 omnino
707 3554 909 3626 verissimile
927 3564 992 3639 est,
1009 3567 1114 3650 atque
1132 3555 1237 3625 etiem
1251 3555 1410 3651 erernple

230 3701 306 3760 ‘non
320 3688 462 3759 omnino
480 3687 596 3758 deesse
615 3685 778 3756 videntur
795 3685 831 3756 iu
850 3685 1112 3781 manuscriptis.

286 3821 320 3892 5.
350 3807 513 3891 nramaei
538 3827 730 3890 caracteres
757 3841 901 3888 numero
928 3826 1009 3888 sunt
1027 3820 1238 3906 cepturi-cluo
1255 3823 1407 3902 tantum,

235 3951 309 4046 qui,
331 3959 468 4044 praeter
486 3950 635 4021 valorem
659 3947 935 4034 mundationis,
960 3947 1114 4019 valorem
1133 3945 1409 4040 etiamnumeri-

233 4107 314 4158 cunr
341 4080 473 4153 habent
500 4091 605 4176 atque
627 4081 821 4152 inserviunt
861 4079 1018 4152 numeris
1053 4077 1315 4175 computandis,
1344 4078 1409 4176 hoo

235 4224 409 4288 asservato
426 4213 559 4295 ordine,
588 4221 625 4284 ut
642 4212 774 4311 primae
793 4236 917 4284 novem
934 4211 1070 4284 litterae
1092 4211 1263 4296 unitates,
1283 4234 1410 4284 novem

234 4356 416 4444 sequentes
451 4343 619 4430 decades,
653 4354 876 4440 quatuorque
909 4340 1061 4440 reliquae
1094 4348 1245 4438 quatuor
1276 4340 1408 4436 priores

220 4515 221 4518 ¹
233 4469 407 4552 centurias
421 4477 588 4551 indicent.
608 4475 760 4566 Quando
774 4475 1019 4572 exprimuntur
1031 4473 1150 4571 magni
1163 4473 1309 4546 numeri·
1323 4481 1411 4577 tuno

233 4611 263 4682 is
281 4620 439 4683 servatur
458 4609 543 4683 ordo
562 4618 601 4681 ut
615 4608 732 4680 littera
748 4605 794 4680 nd
812 4605 1138 4685 sinistramindicet
1155 4606 1309 4678 unitates
1327 4628 1411 4677 suae

232 4743 372 4841 speciei,
394 4742 477 4816 dum
497 4743 586 4816 aliae
604 4741 645 4814 ad
663 4740 820 4813 dextram
842 4739 998 4811 indicant
1017 4763 1181 4813 numeros
1201 4736 1411 4812 decadarum
