3598 5284
896 353 1093 421 ..14-

456 549 491 617 9.
521 544 619 617 Inter
636 543 698 617 has
716 543 850 618 litteras
869 552 952 618 sunt
970 545 1143 642 quaedam
1161 569 1252 640 quae
1270 543 1402 640 duplici
1423 541 1581 640 gaudent

407 699 490 747 sono
506 675 562 746 vel
588 674 692 746 etiam
712 673 853 772 triplici,
881 675 923 748 de
954 675 1086 772 quibus
1114 675 1271 772 proxime
1297 673 1426 745 redibit
1452 697 1576 746 sermo.

408 805 507 878 Aliae
526 777 704 902 quaedam
725 804 824 877 nullo
851 831 936 877 sono
963 805 1239 899 occidentalibus
1264 802 1391 891 nostris
1421 810 1505 875 noto
1523 828 1579 873 ex·
1615 821 1620 829 ·

406 939 510 1036 primi
528 949 687 1036 possunt,
718 965 751 1010 r.
773 963 807 1035 g.
824 986 851 1014 a
868 948 903 1012 et
918 939 1243 1045 &Observandum
1263 946 1378 1011 tamen
1404 944 1455 1009 est
1477 960 1580 1008 sonos

406 1071 601 1165 gutturales
617 1072 710 1168 apud
729 1072 920 1144 Aramaeos
945 1051 1084 1145 nonita
1108 1070 1290 1144 distinctos
1314 1080 1348 1141 et
1366 1069 1473 1142 fortes
1491 1067 1581 1142 exis·

377 1230 380 1237 ·
407 1212 479 1272 tere
497 1207 538 1274 ac
566 1201 601 1274 in
622 1203 699 1274 aliis
718 1202 849 1297 linguis
868 1202 1042 1275 semiticis.
1082 1279 1085 1285 ,
1134 1173 1140 1184 .

376 1315 379 1321 ⁵
403 1394 406 1400 .
459 1333 515 1404 10.
545 1331 708 1404 Oaracter
725 1356 830 1428 supra
848 1333 998 1428 scriptus
1014 1333 1045 1406 is
1064 1343 1116 1403 est
1141 1356 1211 1430 quo
1234 1332 1440 1428 plerumque
1471 1337 1580 1402 utun-

407 1471 466 1533 tur
483 1463 692 1572 typographi
711 1463 746 1535 in
779 1465 944 1559 Europa:
960 1463 1165 1536 Paucissimi
1188 1473 1270 1534 sunt
1297 1461 1390 1535 enirn
1414 1460 1494 1534 libri
1523 1434 1579 1534 ca-

406 1602 536 1667 ractere
553 1596 750 1668 nestoriano
773 1595 949 1692 impressi;
980 1596 1052 1683 sed,
1074 1595 1235 1693 pluribus
1255 1594 1380 1667 abhinc
1399 1581 1510 1678 annis,
1523 1589 1528 1603 '
1542 1593 1578 1664 in

406 1725 511 1797 variis
529 1725 731 1822 regionibus
747 1726 906 1823 Europae
922 1726 1269 1799 adhibeturearacter
1281 1730 1579 1815 Estrampbels'cms,
1632 1713 1633 1720 ἵ
1694 1706 1702 1730 ⁴

407 1881 440 1926 v.
462 1881 496 1952 g.
519 1855 684 1942 Londini‚
703 1856 869 1952 Lugduni
885 1857 1111 1943 Batavorum,
1129 1857 1295 1943 Berolini‚
1318 1865 1383 1930 eto.

445 2050 586 2105 Natalem
602 2074 610 2105 :
626 2051 656 2104 1⁰
669 2050 741 2120 Quae
764 2049 843 2122 plura
861 2049 921 2106 addi
942 2057 1049 2124 possent
1075 2049 1108 2106 de
1135 2052 1326 2118 mutationibus,
1350 2043 1579 2134 suppressionibus,

407 2141 558 2196 coitionibus
570 2141 779 2208 consonantium,
796 2143 845 2197 etsi
859 2160 913 2198 non
926 2143 1032 2198 omnino
1043 2141 1151 2216 indigna
1161 2161 1227 2214 quae
1239 2148 1442 2214 cognoscantur,
1455 2140 1580 2201 brevitati
1642 2198 1647 2204 ,

408 2228 517 2285 studens
529 2229 645 2286 indicare
658 2230 827 2302 supersedeo.
845 2233 875 2286 20
890 2233 972 2287 Emtae
988 2249 1053 2302 rapo
1072 2239 1180 2302 tyrones,
1202 2240 1245 2304 qui
1263 2233 1351 2288 colant
1367 2237 1487 2288 accurate
1498 2233 1579 2303 etja-

408 2319 457 2374 cile
471 2320 580 2376 scribere
591 2325 742 2376 caracterem
758 2323 894 2390 syriacam,
911 2323 941 2376 ia
951 2327 997 2388 est,
1014 2321 1367 2388 Maronem-Jacobmcum,
1390 2327 1419 2377 st
1436 2325 1583 2377 assuescant

407 2409 516 2486 scribere
528 2415 621 2466 charta
634 2413 735 2466 inversa
743 2415 794 2466 ata
804 2429 894 2466 sommo
907 2411 990 2468 lineas
1003 2413 1123 2467 deorsam.
1140 2413 1187 2467 Ita
1205 2413 1492 2484 antiquitasscripstssc
1501 2411 1582 2480 'Syros

350 2527 352 2534 ⁴
408 2499 475 2554 alibi
487 2501 657 2556 demonstravi
665 2521 677 2564 ‚·
691 2506 775 2572 atqm,
792 2504 836 2572 qm'
852 2521 893 2558 aas
907 2503 1052 2559 imitabitur
1063 2503 1137 2558 ¹bacci
1148 2506 1242 2560 sentiat
1250 2503 1337 2576 facili
1353 2504 1452 2575 nepotis
1470 2521 1520 2557 rem
1532 2519 1580 2557 om·

409 2592 652 2648 nimoreatecedcre.
1162 2603 1165 2610 “
1192 2593 1195 2611 “
1452 2611 1454 2616 ’

950 2878 1043 2970 sn.
1114 2840 1115 2843 ‘

821 3081 863 3124 Iso
882 3077 985 3134 signin
1001 3059 1166 3128 vasallum.

464 3333 519 3404 ll.
549 3332 758 3430 Antiquitus
780 3337 968 3409 Aramaeos
991 3336 1105 3409 tribus
1129 3334 1253 3408 litteris
1281 3337 1367 3430 olaf,
1393 3357 1494 3417 cana,
1521 3339 1584 3404 iad

411 3487 491 3537 usos
509 3463 615 3536 fuisse
629 3465 703 3537 loco
716 3466 902 3554 vocalium,
923 3476 962 3539 ut
980 3466 1136 3552 Hebraei
1150 3474 1185 3537 et
1202 3464 1379 3552 Mandaei,
1393 3463 1583 3537 admodum

411 3591 590 3689 probabile
609 3603 673 3667 est.
699 3595 858 3693 Antiqua
888 3605 1005 3672 tamen
1031 3603 1260 3671 monumenta
1281 3620 1350 3668 non
1376 3593 1483 3690 hujus
1500 3594 1585 3666 facti

411 3725 606 3798 constantia
622 3726 789 3823 praebent
801 3721 1067 3825 exemplalmo,
1082 3727 1176 3824 apud
1191 3725 1362 3824 quosdam
1379 3723 1583 3797 Aramaicae

412 3853 525 3952 gentis
542 3854 689 3952 populos
710 3857 776 3930 hoc
797 3859 937 3932 cessisse
963 3859 1000 3930 in
1019 3883 1123 3931 usum
1148 3856 1331 3930 recentiori
1357 3863 1524 3955 tempore,
1547 3855 1583 3930 id

412 3995 476 4074 est,
500 3989 671 4062 asaecnlo
692 4013 727 4061 vr
743 3989 786 4062 ad
804 4013 870 4077 ΧΗ,
892 3969 1035 4065 omnino
1053 4000 1186 4064 certum
1205 3998 1270 4066 est.

465 4122 520 4193 12.
551 4121 659 4194 Juxta
677 4122 850 4219 praelatas
868 4124 1015 4211 litteras,
1031 4129 1254 4196 semivocales
1268 4122 1392 4208 dictas,
1412 4120 1585 4219 triplicem
1678 4105 1682 4118 ἃ

412 4253 584 4326 vocalium
610 4254 754 4328 classem
785 4255 975 4330 distinxere
1007 4255 1290 4352 Syro-Chaldaei,
1325 4278 1430 4326 unam
1459 4260 1582 4340 altam,

413 4385 557 4457 alteram
576 4392 743 4473 mediam,
765 4387 935 4484 reliquam
953 4394 1130 4477 infimam,
1151 4396 1258 4484 prout
1276 4385 1354 4459 soni
1371 4409 1459 4482 quos
1476 4385 1585 4458 conti·

413 4517 543 4590 nebant
557 4528 657 4591 erant
675 4525 748 4603 alti,
763 4526 882 4604 medii,
904 4525 1034 4610 infimi.
1062 4519 1162 4609 Quos
1179 4491 1260 4592 cuin
1282 4517 1411 4590 vellent
1431 4517 1586 4592 indicare

413 4673 527 4737 sonos
547 4659 681 4724 veteres
699 4651 890 4726 utebantur
906 4660 1038 4751 puncto
1061 4677 1173 4742 supra
1190 4650 1245 4724 vel
1261 4654 1497 4747 infrascripto
1515 4651 1586 4725 cui-
