3598 5284
181 517 390 622 nuntiatio,
420 528 480 592 sed
507 545 657 619 quonam
688 535 843 619 tempore
873 534 1085 612 constitutae
1116 533 1245 599 tuerrut
1276 538 1366 598 duae

54 631 62 646 ’Ἴ
138 645 139 650 ’
191 652 273 724 illae
295 653 610 749 pronuntiationes,
632 679 649 725 e
674 655 804 751 quibus
829 661 924 726 ortae
952 646 1092 726 dialecti
1122 659 1312 728 orientalis
1333 665 1367 728 ct
1466 689 1469 696 ·

199 787 431 856 Occidentalis
458 784 730 881 ascriptoribus
758 785 940 858 Aramaeis
968 785 1368 873 dictae‚certedefinire
1471 765 1474 776 i

193 940 263 988 non
282 902 478 1012 possumus.
493 915 535 986 Id
552 925 667 988 tamen
683 917 813 990 lactum
830 917 937 990 fuisse
951 924 1031 1014 post
1046 917 1225 1009 Christum
1243 926 1365 990 natum

194 1047 305 1118 multa
323 1046 485 1148 suadent.

243 1167 441 1252 A'Christo
462 1187 497 1251 et
525 1177 780 1252 christianismo
808 1179 1021 1276 praecipuam
1052 1179 1120 1252 sibi
1154 1179 1368 1277 comparavit
1429 1279 1432 1286 .

161 1333 164 1341 ·
193 1311 331 1384 laudem
354 1310 476 1407 lingua
499 1314 682 1396 Aramaea,
704 1312 947 1409 quippequae
976 1311 1121 1392 Domini
1138 1336 1196 1383 ore
1216 1320 1363 1398 sacrata,

194 1443 332 1538 nonnisi
348 1441 507 1538 religiose
522 1445 749 1514 monumenta
764 1443 921 1538 protulit.
945 1442 1101 1514 Primum
1118 1421 1237 1514 versae
1252 1443 1365 1539 Scrip-

192 1583 291 1647 turae
310 1574 345 1645 iu
361 1575 557 1670 Syriacum,
577 1585 682 1672 atque
696 1599 764 1645 non
778 1584 828 1646 est
844 1575 959 1658 forsan
980 1575 1047 1646 alia
1067 1575 1188 1670 lingua
1204 1576 1362 1670 antiqua,

193 1707 229 1778 in
248 1731 319 1806 qua
340 1718 389 1792 tot
407 1706 585 1778 extiterint
605 1707 780 1778 versiones
808 1730 987 1778 sacrorum
1012 1681 1221 1808 Bibliorumss
1244 1705 1365 1778 Plures

194 1863 322 1935 eaeque
340 1837 484 1910 maximi
503 1838 669 1909 momenti
688 1837 732 1909 ad
750 1837 905 1910 criticam
925 1817 1072 1922 sacram,
1090 1839 1127 1910 in
1145 1838 1367 1911 bibliothecis

195 1971 322 2042 adhue
340 1970 462 2054 latent,
484 1995 516 2041 v.
538 1994 572 2066 g.
595 1965 756 2054 Parisiis,
789 1969 942 2042 Londiui
964 1970 1158 2066 praesertim
1178 1982 1212 2041 et
1230 1969 1366 2042 Medio·

119 2157 124 2173 ,
194 2103 278 2174 lani.
298 2102 459 2174 Secundo
478 2101 530 2173 vel
550 2103 651 2174 tertio
669 2101 818 2187 saeculo,
840 2101 1056 2174 Bardesanes
1075 2102 1264 2174 Gnosticus'
1285 2113 1366 2198 poe·

196 2242 287 2316 irrata
314 2261 376 2307 sua
408 2235 548 2332 Syriaca
574 2235 758 2318 ·effutivit‚'
780 2243 884 2330 atque
910 2234 992 2306 inde
1018 2245 1139 2331 coepta
1170 2236 1368 2328 litteratura

195 2369 377 2440 Aramaeo.
408 2368 459 2442 IV
487 2366 625 2440 sa'eculo
656 2391 736 2439 cum
763 2366 972 2462 Ephraeum,
1006 2366 1183 2454 hierutha,
1219 2369 1367 2466 aliisque

196 2521 344 2592 quorum
374 2498 503 2593 scripta
529 2497 706 2594 perierunt
730 2487 838 2568 subiit
861 2483 987 2602 aevruu
1012 2523 1176 2584 aureum,
1202 2499 1295 2594 quod
1324 2498 1369 2590 ad

196 2619 370 2702 sacculum
390 2655 424 2704 vt
442 2655 554 2726 usque
571 2628 785 2726 perducitur.
807 2627 905 2700 Tunc
926 2630 1128 2703 claruerunt
1152 2632 1268 2727 plures
1291 2656 1370 2704 auc-

198 2739 288 2834 tores
306 2761 491 2834 orthodoxi
510 2761 562 2832 vel
576 2759 761 2845 haeretici,
784 2759 924 2830 isaacus
943 2759 1194 2847 antiochenus,
1215 2761 1237 2832 J
1241 2763 1369 2869 aeohus

109 2907 110 2910 ’
198 2893 417 2988 Sarugensia
439 2892 580 2964 isaacus
598 2889 769 2990 Ninivita‚
788 2889 1000 2960 Philoxenus
1018 2890 1146 2986 aliique
1164 2915 1232 2962 non
1249 2892 1365 2986 pauci,

198 3050 346 3123 quorum
375 3027 501 3121 scripta
529 3024 688 3120 plurimis
712 3023 950 3096 voluminibus
968 3023 1003 3095 in
1028 3023 1056 3094 l⁰
1074 3024 1131 3095 vix
1153 3023 1371 3096 contineren-

174 3174 267 3229 tur.
293 3156 415 3253 Neque
442 3155 535 3228 enim
566 3155 668 3227 hodie
695 3155 813 3226 omniu
837 3155 873 3226 S.
906 3154 1093 3250 Ephraemi
1120 3153 1247 3252 scripta
1275 3156 1369 3228 edita

197 3299 292 3362 suut.
313 3290 428 3362 lllulta
452 3291 564 3363 latent
586 3289 622 3361 in
650 3287 872 3361 bibliothecis
901 3287 1098 3382 parisiensi,
1118 3287 1318 3365 londinensi
1335 3301 1369 3360 et

89 3411 95 3423 ’
201 3423 372 3496 vaticana.

247 3566 299 3629 rr⁰
318 3561 445 3630 saeculo
463 3559 606 3631 ineunte
625 3556 798 3628 declinare
816 3553 930 3650 coepit
948 3579 1029 3626 oum
1046 3552 1196 3649 imperio
1210 3553 1368 3626 Arabum
1401 3609 1403 3612 -

199 3691 396 3762 litteratura
420 3693 604 3772 Araruaea,
631 3714 744 3785 neque
768 3687 892 3760 Jacobi
919 3687 1084 3760 Edesscni
1112 3699 1257 3760 conatus
1284 3687 1371 3784 quin

198 3821 362 3893 tenebrae
381 3821 659 3893 diffunderentur
679 3819 927 3915 impedierunt.
949 3819 1147 3890 Extiterunt
1166 3801 1370 3892 tamennon

201 3953 303 4050 pauci
321 3952 517 4049 scriptores
538 3952 805 4049 chronogrophi,
824 3952 1046 4048 translatores
1068 3975 1212 4052 operum
1231 3974 1372 4048 graeco·

200 4111 293 4172 rum,
316 4085 375 4158 sed
395 4086 514 4182 lingua
533 4087 577 4158 ab
596 4074 740 4181 antiqua
759 4085 912 4182 puritate
931 4084 1084 4178 deflexit,
1107 4085 1235 4156 multos
1253 4059 1372 4155 termi-

200 4245 263 4292 nos
278 4247 297 4294 a
312 4219 440 4316 linguis
454 4217 613 4292 finitimis
633 4228 793 4292 mutuata
806 4229 870 4304 est,
885 4229 991 4315 atque
1006 4218 1120 4290 foetus
1136 4218 1297 4314 proprios
1310 4241 1373 4288 nec

202 4353 329 4424 multos
343 4377 406 4424 uec
422 4345 561 4424 nomine
579 4341 704 4448 dignos
723 4349 886 4446 produxit
905 4347 1075 4446 usquead
1094 4358 1153 4447 x¹¹¹¹¹
1179 4349 1368 4420 saeculum.

250 4487 281 4554 A
310 4482 446 4554 saeculo
465 4498 516 4555 xr⁰
532 4483 575 4554 ed
594 4493 692 4555 xrv¹¹¹¹¹
706 4483 820 4554 denuo
843 4482 962 4554 floruit
984 4482 1182 4553 litteratura
1202 4483 1374 4552 Aruinaea

202 4639 281 4687 cum
300 4614 446 4689 Miceile
461 4639 587 4711 magno
605 4613 807 4686 Patriurcha
825 4595 1077 4698 Jacohitarum,
1100 4610 1272 4708 Dionysio
1287 4610 1373 4683 Bar·
