3598 5284
1002 207 1008 246 l

916 315 1087 385 ..8.-

408 509 590 608 adjectiva.
615 509 696 585 Non
725 534 845 584 omnes
867 509 952 583 ‘sane
975 508 1109 584 radices
1133 508 1254 582 eodem
1281 505 1385 580 modo
1407 505 1471 579 sua
1494 506 1584 579 deri·

408 652 489 715 vata
515 642 712 715 efformant.
747 642 846 715 Haeo
873 642 974 726 tales,
1004 642 1073 714 ista
1103 640 1191 714 alios
1209 638 1435 712 derivationis
1463 637 1584 711 modos
1626 651 1630 658 '

409 783 524 861 amat3
546 774 606 847 sed
629 775 690 872 qui
715 775 817 847 sciret
843 799 961 882 omnes
986 772 1121 859 modos,
1153 772 1268 858 facile,
1290 771 1430 867 cognita
1456 771 1584 844 radicis

409 905 675 1002 significatione,
697 905 803 978 etiarn
830 903 978 977 derivati
1003 904 1155 977 nominis
1179 903 1233 976 vel
1258 902 1419 999 adjectivi
1444 928 1585 976 sensum

408 1037 844 1134 cognosceret.'Praeterea
864 1043 961 1123 sunt,
979 1036 1015 1108 in
1029 1035 1096 1110 hac
1114 1028 1225 1132 parte,
1245 1035 1340 1131 leges
1358 1059 1447 1132 quae
1467 1035 1583 1108 obser-

408 1179 539 1243 vantur
556 1170 801 1258 communiter,
823 1169 916 1241 unde
934 1177 1172 1266 opportunum
1194 1168 1317 1266 putavi
1334 1167 1469 1240 tradere
1488 1168 1583 1240 sehe—
1611 1232 1612 1236 ,

324 1391 332 1415 ⁸
408 1326 466 1374 rna
485 1300 611 1374 harum
637 1302 840 1386 formarum,
865 1297 973 1396 ¹atque
994 1301 1161 1371 asteriaco
1184 1300 1370 1389 desiccari
1390 1323 1468 1389 quoe
1484 1305 1583 1372 solito

403 1440 487 1524 ptus
504 1440 586 1505 aliia
603 1407 764 1506 adhiberi
780 1437 889 1504 solent
908 1435 1140 1538 (Boradiyma
1159 1429 1272 1520 XVI).
1351 1499 1354 1504 .

460 1564 709 1662 Quandoquis
722 1564 817 1636 hunc
831 1564 1026 1638 libellulum
1042 1565 1131 1636 bene
1150 1563 1297 1651 tenebit,
1315 1571 1419 1660 atque
1439 1565 1585 1638 ulterius

410 1694 573 1792 progredi
603 1696 707 1782 volet,
743 1696 814 1793 duo
843 1696 1052 1794 praestanda
1083 1698 1136 1770 illi
1166 1706 1270 1772 eruut
1304 1731 1310 1770 :
1350 1703 1385 1771 1ο
1415 1699 1584 1797 Aequiret

408 1829 577 1914 fusiorem
590 1833 879 1920 yrummatieam,
905 1851 993 1924 quae
1012 1852 1121 1923 quum
1136 1827 1205 1900 sint
1220 1853 1340 1914 opines
1359 1829 1582 1926 imperfectae
1695 1875 1700 1886 ·

355 2011 357 2014 -
409 1957 571 2053 pluribus
583 1958 800 2054 nominibus,
815 1958 1031 2034 consulerem
1045 1968 1162 2032 tamen
1179 1966 1383 2050 Hoffmanni
1396 1963 1584 2034 editionem

409 2094 593 2179 antiquam
622 2093 674 2188 (1),
693 2092 745 2164 vel
768 2091 810 2192 iis
825 2092 887 2188 qui
904 2103 1035 2164 norunt
1048 2092 1205 2190 linguam
1224 2093 1458 2190 germanicam
1482 2101 1583 2166 [lute-

409 2246 518 2292 muno
538 2224 589 2320 (a).
612 2222 654 2295 In
672 2228 789 2294 aetolo
815 2225 963 2313 syriaco,
987 2223 1096 2320 patris
1118 2223 1249 2320 Wenig
1274 2225 1310 2320 (3)
1328 2233 1414 2298 sunt
1431 2225 1582 2322 plurima

308 2335 312 2354 ἱ
410 2350 525 2440 utilia,
547 2363 581 2425 et
600 2353 758 2427 adhiberi
786 2367 899 2451 potest
924 2356 969 2428 ab
995 2381 1036 2429 eo
1064 2357 1125 2452 qui
1150 2356 1256 2428 habet
1282 2356 1428 2430 lexicon.

459 2491 496 2562 2⁰
522 2495 677 2560 Leoeieon
702 2494 771 2560 sibi
800 2493 1017 2579 comparabit
1047 2498 1083 2561 et
1113 2488 1180 2561 tria
1216 2513 1443 2586 proponerem
1471 2522 1478 2560 :
1501 2500 1581 2561 ante

410 2620 491 2704 alia,
503 2622 658 2691 Letoia-ou
682 2626 836 2703 Castalii,
854 2619 948 2715 quod
963 2645 1002 2692 ex
1019 2620 1251 2718 Heptaglotto
1264 2621 1414 2694 extraxit
1428 2619 1581 2694 Michae·

409 2751 452 2823 lis
483 2735 637 2842 et'venit'
664 2751 711 2853 30
748 2727 855 2824 libras
886 2752 1029 2848 gallicas
1046 2787 1055 2839 ;
1088 2752 1213 2825 deinde
1251 2759 1464 2826 Gedbim'om.
1505 2754 1583 2827 Hoc

411 2883 560 2955 inarime
585 2884 750 2969 consulo;
772 2884 927 2956 continet
953 2884 999 2958 N.
1021 2885 1282 2957 Testamentum
1306 2912 1385 2959 cunr
1414 2885 1582 2960 dictiona-

285 3039 288 3046 ’
367 3075 370 3084 ,
410 3016 498 3088 riolo
532 3014 615 3088 huic
650 3015 922 3100 accommodato,
957 3008 1188 3112 atque'faoile
1215 3018 1347 3101 haberi*
1370 3027 1486 3116 potest
1521 3043 1584 3115 pro

411 3147 505 3218 ovet
528 3151 548 3218 6
571 3146 672 3218 libris
700 3146 846 3242 gallicis.
873 3146 1016 3242 Optime
1046 3146 1187 3244 tandem
1214 3147 1317 3220 faciet
1341 3147 1369 3218 si
1396 3146 1463 3219 sibi
1491 3173 1582 3220 com·
1658 3150 1660 3154 ’

410 3291 509 3375 paret
549 3284 680 3369 Georq„
720 3279 812 3350 Gall.
843 3280 1001 3350 Kircebii
1037 3263 1351 3352 Chrestomutlriom
1386 3283 1581 3369 syriacum,

344 3375 352 3396 ι
410 3439 516 3513 quam
534 3413 598 3486 den
606 3439 649 3486 uo
667 3412 777 3485 edidit
796 3413 979 3484 Bernstein
998 3415 1129 3510 (1826),
1150 3456 1198 3468 -
1220 3395 1265 3486 10
1294 3413 1419 3486 Librae
1437 3413 1584 3510 gallicae

347 3527 351 3536 ’
411 3546 603 3619 sufficiunt.
725 3623 728 3632 ,
1160 3575 1167 3582 ·

460 3679 558 3751 Haec
575 3677 692 3758 omnia
715 3697 814 3749 meus
833 3689 895 3749 aut
913 3677 1000 3750 alter
1026 3676 1226 3772 Bibliopola
1254 3676 1467 3774 parisiensis,
1490 3703 1523 3750 v.
1545 3703 1580 3774 g.

410 3813 675 3899 Maisonneuva
695 3814 780 3897 quai
805 3814 966 3901 Voltaira
985 3809 1038 3892 15,
1054 3808 1246 3904 postulanti
1266 3809 1480 3902 procurabit.

460 3939 565 4028 Quod
597 3940 745 4014 maxime
768 3939 873 4012 hodie
893 3939 1186 4014 -studiosis.deest
1210 3941 1375 4028 Lexioon,
1401 3943 1485 4014 satis
1508 3923 1586 4013 ¹stm-¹

411 4073 562 4168 plumat
588 4083 704 4146 tamen
734 4072 839 4170 pretii
861 4071 992 4163 exigui,
1016 4073 1143 4171 aliquis
1165 4073 1402 4170 praeparabit,
1428 4073 1584 4147 silibet-

447 4303 488 4372 (1)
508 4301 629 4356 Andreae
656 4295 771 4371 Pbeoph.
798 4301 955 4372 Hoffmanni
980 4302 1166 4358 Grammaticus
1183 4305 1302 4374 Syriacae
1318 4305 1382 4360 libri
1408 4310 1469 4388 tres,
1498 4303 1587 4359 Halae

411 4392 494 4460 1627,
509 4391 592 4450 inno.
607 4391 751 4448 —Adhuc
766 4394 900 4449 invenitur
913 4404 941 4448 et
953 4392 1026 4449 venit
1041 4395 1073 4448 15
1089 4393 1163 4450 libris
1175 4395 1289 4467 gallicis.

447 4483 488 4554 (2)
509 4481 776 4539 Elementarlcbreder
788 4483 928 4554 Syriseben
942 4485 1065 4555 Sprache,
1082 4485 1184 4553 Berlin,
1202 4487 1273 4542 1864

396 4604 398 4611 =
447 4575 485 4644 (3)
506 4573 714 4644 Scholaeyriaca
728 4573 810 4640 1866,
826 4573 945 4632 Parisiis.
961 4575 1074 4634 Haeret
1092 4575 1208 4632 Statuert
1226 4576 1267 4632 via
1280 4575 1372 4642 Jacob,
1390 4595 1484 4633 novem
1498 4575 1583 4642 libras

408 4667 492 4722 venit.
