3598 5284
532 321 534 325 ⁸
662 376 918 447 .·--19-

225 569 264 640 Si
291 565 403 664 prima
432 566 593 640 radicalis
619 568 665 640 sit
689 607 731 647 ,a
758 573 809 644 vel
837 610 897 656 ψ,
932 567 971 641 fit
1003 574 1141 668 tantum
1175 564 1401 660 transpositio

224 701 361 772 litterae
380 725 403 772 r
424 756 431 771 .
454 698 512 771 Sic
526 697 696 772 habemus
713 718 848 808 regnat,
870 716 1010 811 tappet
1026 760 1032 775 .
1049 697 1201 787 Quando
1218 721 1299 769 vero
1316 696 1401 769 haec

189 849 191 856 ⁴
226 829 337 926 prima
357 827 518 900 radicalis
540 841 592 901 est
610 887 639 942 ὁ,
668 839 752 902 tune
777 859 800 905 ι
817 838 976 902 mutatur
989 831 1023 900 in
1039 859 1057 917 r
1076 827 1111 901 e't
1127 829 1369 926 transponitur
1390 854 1397 890 ε

128 1038 132 1046 =
225 976 346 1074 ⁵²?lsl
372 983 435 1057 Pl⁰
462 977 612 1071 ⁶?s‘l·
884 1044 889 1055 ·
1053 1009 1071 1054 t

276 1093 336 1162 30.
365 1091 481 1163 Prima
500 1093 609 1164 forma
627 1093 733 1166 habet
752 1119 813 1189 pro
833 1096 943 1168 vocali
967 1093 993 1178 ⁷,
1011 1093 1214 1190 praesertim
1230 1091 1267 1163 in
1289 1091 1402 1163 verbis

228 1223 363 1295 activis,
394 1224 615 1321 Quandoque
632 1230 659 1316 ⁰,
687 1228 889 1322 praesertim
903 1228 939 1300 in
966 1227 1078 1300 verbis
1099 1215 1323 1298 non-activis,
1346 1224 1403 1297 Sic

226 1370 326 1462 caps,
346 1383 409 1464 apr
428 1363 597 1443 ascendit,
619 1363 809 1429 descendit.
984 1449 988 1460 .
1467 1444 1470 1452 Ι

277 1485 335 1555 31.
366 1484 408 1555 In
438 1487 581 1558 caeteris
604 1488 724 1558 formis
748 1488 881 1574 activis,
901 1493 914 1508 ⁸
934 1497 1091 1559 mutatur
1116 1485 1152 1557 in
1178 1483 1204 1569 ',
1223 1483 1251 1555 si
1276 1483 1403 1556 ultima
1510 1565 1514 1578 ,

227 1613 496 1714 radicaturum,
518 1653 554 1710 a,
586 1669 604 1694 ..
629 1617 684 1688 vel
710 1617 836 1712 mli,
861 1617 970 1728 ᾧ,
1000 1615 1085 1729 ,ἔξω
1109 1614 1232 1726 priuata.

275 1748 336 1818 32.
367 1747 408 1818 In
428 1749 726 1821 verboAramaeo
754 1758 1002 1820 enumerantur
1023 1741 1402 1835 praeteritum,‚impe·

227 1870 397 1972 retinam,
411 1884 596 1974 faturum,
624 1883 851 1968 infinitivum,
867 1884 1111 1967 participium,
1128 1899 1278 1971 quorum
1296 1900 1401 1971 oopu-

230 2009 358 2081 latione
375 2010 465 2084 inter
479 2037 528 2097 se,>
549 2012 599 2084 vel
615 2037 695 2084 cum
711 2013 816 2084 verbo
835 2011 1053 2084 substantivo
1070 2009 1134 2099 10⁰0„
1157 2009 1211 2079 vel
1229 2033 1308 2080 cum
1323 2033 1401 2104 par·

229 2140 358 2228 ticulis,
379 2144 604 2216 efformantur
626 2144 742 2216 omnia
768 2157 925 2240 tempora
950 2151 984 2214 et
1009 2142 1255 2238 exprimuntur
1281 2163 1401 2211 omnes

228 2272 334 2344 modi.
884 2283 886 2289 ’
946 2357 950 2366 Ι

246 2497 250 2505 .
277 2405 338 2475 33.
368 2404 410 2476 In
443 2391 633 2492 Aramum,
671 2407 776 2479 verba
805 2406 951 2478 indicari
982 2405 1094 2478 solent
1124 2403 1228 2476 tertia
1255 2425 1402 2499 persona

231 2516 422 2607 masculina
436 2537 604 2654 singulari
624 2537 812 2633 praeteriti.

280 2666 339 2738 34.
368 2665 411 2737 In
427 2672 636 2766 imperativo
655 2673 834 2760 ecfatum
851 2667 912 2739 s'eu
931 2669 1075 2752 uariata,
1093 2664 1315 2762 reperiuntur
1331 2671 1401 2735 tres

190 2827 193 2833 ·
233 2795 366 2866 vocales
382 2799 410 2880 ⁸,
434 2796 460 2887 ⁷,
478 2794 506 2884 ⁵,
529 2826 606 2906 352,
638 2795 736 2872 ...ἐι
762 2799 863 2887 &aab
886 2805 921 2868 et
946 2795 1089 2893 quidem
1105 2795 1210 2867 verba
1234 2817 1324 2890 quae
1341 2793 1403 2866 ha·

231 2927 314 2999 bant
328 2929 342 2947 “
358 2927 394 2999 in
409 2927 607 3024 praeterito,
622 2926 667 2999 ·id
680 2937 744 3012 est,
761 2935 960 3018 praeratum
979 2899 1116 3013 necaro,
1130 2934 1338 3018 pleramque
1358 2925 1395 2996 in

232 3057 437 3154 imperativo
466 3057 597 3130 habent
626 3053 663 3135 '.

279 3189 340 3262 35.
370 3188 411 3261 In
429 3189 526 3262 nulla
542 3189 698 3263 semitica
715 3190 784 3262 alia
801 3189 936 3286 lingua,
957 3191 1101 3265 verbum
1120 3188 1206 3261 adeo
1224 3188 1401 3286 regulares
1485 3204 1489 3217 ·

229 3295 319 3390 acin
336 3320 506 3395 Aramaeo
519 3318 678 3417 sequitur
692 3321 797 3416 leges.
813 3319 914 3391 Unde
938 3344 1043 3417 quarn
1062 3319 1212 3392 maxima
1230 3317 1398 3425 facilitate

231 3478 252 3524 a
277 3453 460 3549 tyronibus
478 3453 609 3527 addisci
635 3463 762 3552 potest,
793 3453 876 3551 quia
894 3452 1025 3526 formae
1051 3453 1241 3526 flectuntur
1261 3451 1400 3549 legibus

230 3585 372 3658 omnino
386 3586 571 3659 similibus,
589 3587 717 3684 Igitur,
742 3588 771 3661 si
790 3587 887 3661 verbi
910 3586 1081 3684 regularis
1104 3586 1182 3684 quis
1197 3584 1401 3682 paradigma
1447 3599 1450 3608 '

232 3729 322 3791 recte
340 3720 537 3792 memoriter
566 3721 739 3807 tenuerit,
759 3722 828 3794 alia
847 3720 966 3794 omnia
984 3719 1225 3819 paradigmata
1239 3719 1401 3794 facillime

232 3849 400 3923 addiscet.

280 3981 341 4053 36.
371 3978 529 4064 Formae,
556 4005 735 4079 personae,
761 3989 930 4077 tempora,
955 3980 1048 4054 modi
1068 3980 1263 4060 indicantur
1277 3981 1401 4052 litteris

233 4109 444 4206 quibusdam
458 4093 609 4207 quaessi
631 4113 871 4210 praefigantur
900 4113 1024 4197 radici,
1054 4111 1220 4184 dicuntur
1231 4114 1402 4206 praefor-

234 4253 363 4314 mantes
380 4253 427 4330 et,
444 4243 473 4316 si
489 4243 689 4342 adfiguntur
718 4245 840 4332 radici,
859 4246 1025 4318 dicuntur
1043 4250 1297 4334 adsorrnantes.
1328 4241 1404 4314 Ple·

232 4397 381 4470 rumque
398 4373 463 4446 hae
486 4374 622 4470 litterae
645 4388 727 4448 sunt
745 4375 915 4473 reliquiae
933 4373 1179 4473 pronominum
1196 4380 1404 4470 opocapato·

233 4528 311 4576 rum
329 4507 559 4602 (Parudipma
573 4507 632 4605 ΙΙ).

283 4639 341 4712 37.
372 4638 483 4738 Saepe
495 4666 586 4714 aaou
603 4652 639 4714 et
654 4648 739 4714 ioucl
757 4641 940 4714 tertiarum
965 4661 1193 4738 personarum
1211 4634 1405 4734 pluralium
