3604 5300
678 1075 785 1156 PARS
824 1074 971 1156 ruina.

809 1311 841 1320 »-

453 1524 586 1626 LIBER
622 1526 789 1628 PRIMUS
824 1523 1195 1630 introruentes,

234 1992 282 2041 DE
307 1993 569 2043 Posslsslnrrnrn
595 1993 637 2042 ΕΤ
664 1993 849 2042 Urlnlrarn
876 1993 993 2042 STUDII
1019 1991 1175 2044 hlasana
1198 1996 1408 2046 ARAMAEAE.

726 2209 922 2218 ...η-..ὰ-

198 2563 201 2570 ·
284 2527 363 2601 Non
380 2527 425 2600 ad
438 2528 501 2600 hos
516 2526 630 2624 dirigo
643 2515 839 2632 libellulum
856 2553 971 2600 meum
988 2529 1049 2626 qui
1063 2505 1243 2626 putant‚et
1256 2537 1407 2623 tempus,

235 2669 270 2732 et
284 2660 460 2746 sudorem,
477 2669 511 2733 et
524 2661 710 2758 pecuniam
726 2661 885 2732 amittere
899 2661 999 2765 illam
1014 2660 1075 2757 qui
1091 2661 1255 2733 scientiae
1268 2685 1409 2757 operam
1440 2669 1444 2681 '

235 2801 342 2865 navat
373 2782 550 2889 vitamque
580 2791 738 2865 devovet.
771 2791 816 2864 Et
848 2817 955 2890 quam
977 2793 1153 2866 numerosi
1185 2792 1254 2865 sint
1285 2793 1344 2869 isti
1374 2793 1410 2865 in

236 2923 339 3010 clero,
361 2947 583 3021 quacumque
602 2923 645 3022 de
666 2949 770 2998 eausa
794 2925 937 3012 itabat,
959 2925 986 2997 ii
1012 2925 1073 3022 qui
1098 2926 1219 3022 legunt
1247 2925 1408 3021 epheme-

163 3099 172 3114 ›
234 3053 339 3149 rides,
366 3055 474 3127 libros
500 3055 627 3128 diurne
648 3072 889 3154 nocturnaque
913 3082 1020 3130 manu
1043 3035 1225 3143 volutant,
1256 3055 1309 3129 vel
1329 3081 1427 3142 cum

234 3187 338 3260 rebus
356 3188 518 3260 eeclesiae
548 3187 658 3260 nostri
684 3189 851 3286 temporis
874 3189 1063 3261 familiares
1089 3189 1264 3275 existunt,
1297 3187 1411 3260 solnm

234 3322 383 3394 norunt!
413 3321 489 3393 Hos
510 3345 593 3392 sane
610 3345 680 3393 non
711 3331 888 3394 convertet
904 3321 1082 3393 libellulus
1095 3321 1173 3406 iste,
1196 3343 1312 3418 quem,
1331 3343 1412 3392 cum

236 3453 385 3526 viderint
395 3455 570 3527 extraneis
585 3455 818 3527 caracteribus
833 3455 1198 3551 signatum‚tanquam
1211 3477 1410 3526 necroman-

236 3585 1408 3683 ticumopusrefugientUnusipsedeusvineosconvertereposset,

235 3742 318 3790 nam
347 3699 459 3790 nostri
493 3718 622 3790 saeculi
655 3740 778 3805 mores,
808 3718 869 3816 qui
893 3727 1027 3790 tantam
1057 3717 1093 3790 in
1117 3718 1208 3790 clero
1238 3717 1411 3790 catholico

238 3848 417 3922 scientiam
435 3851 572 3944 cujusvi
590 3850 726 3947 generis
745 3850 880 3947 exigere
895 3849 1072 3934 videntur,
1098 3848 1160 3922 hos
1178 3873 1304 3946 porum
1322 3872 1412 3921 com·

238 3993 391 4070 movent,
415 3983 505 4056 ande
533 3983 708 4080 quomodo
727 3985 819 4058 malo
837 3983 1130 4069 subveniendum,
1160 3982 1335 4080 quomodo
1360 3982 1416 4058 in·r

238 4113 423 4186 nitendum
445 4124 484 4186 ut
502 4114 614 4187 clerus
631 4139 766 4212 semper
781 4114 945 4212 primates
968 4115 1035 4186 sub
1048 4122 1205 4211 respectu
1220 4112 1429 4218 scientifico=

239 4257 368 4334 teneat,
390 4272 505 4346 neque
532 4248 653 4321 leviter
678 4257 815 4322 curant.
844 4244 952 4320 Tales
972 4255 1006 4320 et
1024 4246 1236 4344 quandoque
1255 4246 1331 4342 pios
1354 4245 1415 4317 bo-

239 4379 350 4453 mines
368 4380 394 4452 si
415 4379 460 4452 ad
488 4379 665 4453 meliorem
691 4380 733 4452 de
761 4380 888 4452 studiis
914 4379 1115 4476 opinionem
1142 4402 1304 4452 revocare
1324 4403 1414 4476 opus

238 4523 340 4600 esset,
362 4519 479 4588 certus
497 4539 575 4586 sum
594 4538 687 4587 meos
705 4516 849 4612 omnino
868 4514 986 4587 irritos
1005 4513 1077 4587 fore
1101 4519 1262 4585 conatus.
1286 4515 1415 4586 Aerem

238 4648 275 4721 in
294 4671 430 4731 cassum
449 4647 693 4719 verberaturus
712 4671 838 4734 essem.

290 4779 421 4853 Omnes
440 4787 644 4852 tamennon
671 4779 720 4851 ita
739 4777 909 4864 sentiunt,
931 4790 1035 4876 atque
1054 4787 1137 4852 sunt
1163 4778 1268 4854 hodie
1288 4777 1413 4876 aliqui,
