3604 5300
675 465 847 550 ,43-

175 671 386 767 liturgicam,
413 672 615 746 historicam
637 677 709 774 jarn
737 678 819 749 inde
847 705 866 750 a
899 681 1036 752 saeculo
1061 685 1216 778 proxime
1234 685 1352 780 elapso

174 801 371 876 ediderunt.
394 804 498 876 Nunc
514 829 602 902 opus
622 818 711 879 esset
730 811 821 884 utin
841 809 971 905 linguis
990 810 1181 908 Europaeis
1195 814 1279 886 haec
1298 816 1349 886 bi·

79 977 82 982 ·
174 935 348 1007 bliotheea
362 920 555 1008 verteretur
568 941 621 1010 vel
639 940 762 1012 saltem
780 917 989 1015 tractatibus
1005 943 1269 1018 describeretur.

224 1065 384 1163 Linguae
403 1071 557 1163 copticae
575 1095 644 1142 non
660 1071 771 1144 multa
789 1097 901 1168 caque
919 1099 987 1145 non
1009 1077 1251 1171 antiquissima
1270 1101 1347 1172 pro·

64 1211 66 1219 ’
175 1197 316 1271 dierunt
333 1213 571 1273 monumenta.
592 1206 757 1274 Attamen
777 1229 847 1276 non
870 1202 997 1278 desunt
1021 1181 1345 1303 scriptaqliturgioa,

176 1335 347 1404 versiones
359 1336 562 1422 bibliorum,
579 1337 789 1434 apocrypha,
808 1346 913 1434 atque
928 1339 1007 1422 alia,
1024 1330 1193 1434 quae'non
1211 1354 1350 1436 parvam

175 1441 274 1560 opem
313 1467 491 1539 conferent
524 1469 567 1540 ad
602 1470 848 1566 antiquitatem
880 1471 1147 1544 ecclesiasticam
1182 1471 1350 1590 radicitus

175 1595 444 1670 discutiendam.
1305 1689 1310 1704 .

223 1730 414 1825 Antiquior
436 1742 471 1803 et
489 1731 594 1804 ditior
612 1735 849 1804 monumentis
869 1733 1011 1804 maximi
1038 1733 1137 1828 pretii
1161 1743 1213 1804 est
1232 1734 1351 1830 lingua

176 1885 348 1948 aromaca,
360 1889 420 1937 seu
440 1865 749 1961 Syro-Chaldaioa,
767 1876 874 1962 atque
891 1865 994 1936 hodie
1010 1866 1081 1962 jam
1100 1867 1261 1937 novimus
1279 1892 1351 1938 orn·

174 1994 233 2066 nia
250 1997 358 2068 ferme
377 2023 467 2096 quae
485 2001 639 2070 continet
657 2000 798 2095 scripta.
812 1998 884 2088 Qui
898 2025 973 2071 eam
995 1998 1173 2070 addiscere
1187 1999 1348 2084 voluerit,

172 2125 280 2198 libros
309 2127 462 2200 inveniet
488 2128 631 2204 idoneos
650 2141 769 2227 atque,
788 2131 817 2202 si
844 2103 977 2202 lenicon
1007 2130 1120 2202 adhuc
1139 2131 1351 2228 completum

174 2260 332 2348 deficiat,
359 2287 538 2361 speramus
568 2289 636 2336 nou
674 2263 735 2336 diu
764 2265 983 2337 defuturum.
1021 2264 1092 2354 Qui
1123 2266 1258 2337 noverit
1287 2266 1352 2337 lin·

175 2416 280 2486 guam
299 2393 420 2464 multis
448 2395 586 2490 scriptis
604 2396 677 2490 jam
696 2394 799 2466 editis
827 2397 878 2466 uti
896 2394 1044 2492 poterit;
1075 2404 1193 2492 atqua,
1223 2394 1251 2466 si
1275 2395 1350 2491 ipse

175 2522 242 2596 alia
260 2511 362 2597 edere
380 2525 512 2621 cupiat,
535 2527 577 2598 de
596 2526 651 2597 die
669 2528 705 2597 in
724 2526 815 2597 diem
834 2528 937 2599 latior
960 2526 1012 2598 illi
1036 2551 1179 2624 campus
1197 2527 1345 2625 patebit.

172 2654 306 2728 Romae
324 2656 430 2741 enim,
449 2665 525 2728 tum
554 2657 592 2729 in
619 2656 838 2730 Bibliotheca
856 2657 1039 2737 Vaticana.
1060 2669 1134 2730 tum
1159 2659 1196 2729 in
1215 2657 1348 2760 Bibliq·

171 2788 270 2860 theca
292 2789 430 2886 collegii
448 2789 584 2862 Urbani
599 2790 641 2860 de
660 2789 892 2888 Propaganda
908 2791 990 2877 fide,
1011 2791 1204 2887 quingenta
1222 2800 1348 2863 etam·

173 2919 265 3015 plius
283 2922 521 3018 manuscripta
539 2921 708 2994 editorem
721 2930 918 3018 expectant.
935 2921 1091 3008 Parisiis,
1106 2913 1348 2995 Bibliothecae

171 3053 359 3125 rationalis
377 3029 695 3150 manuscriptorum
715 3053 946 3127 ducentorum
961 3053 1220 3152 quinquaginta
1232 3056 1346 3151 proxi-

171 3208 227 3256 me
245 3184 400 3281 prodibit
427 3186 619 3284 catalogus.
640 3186 772 3271 Bosen,
793 3185 972 3260 Forschall
991 3195 1024 3258 et
1039 3185 1181 3284 Wright
1199 3186 1348 3283 descrip-

130 3377 134 3388 ,
172 3328 293 3391 serunt
322 3319 416 3392 mille
439 3329 473 3392 et
491 3320 641 3416 amplius
662 3321 797 3394 codices
815 3321 955 3394 Musaei
972 3319 1180 3394 Britannici.
1203 3320 1345 3405 Orobii,

170 3450 379 3537 Mediolani,
400 3451 609 3537 Florentiae,
626 3452 794 3538 Berolini‚
813 3453 1037 3549 Goettingae,
1057 3451 1207 3538 Monam,
1229 3452 1367 3525 Petro?

171 3584 255 3681 poli,
266 3584 338 3656 'alia
356 3593 493 3656 exstant
507 3585 745 3681 manuscripta
764 3584 898 3683 syriaca
913 3609 1063 3683 quorum
1082 3593 1348 3670 naturamcon·

170 3726 465 3811 tenta‚aetatem,
487 3717 635 3814 quisque
650 3693 855 3814 ¹dignoscere
874 3727 988 3814 potest
1007 3742 1048 3789 ex
1066 3716 1246 3814 catalogis.

218 3848 271 3920 En
299 3871 406 3945 quarn
431 3850 546 3946 ampla
571 3874 672 3949 seges
696 3862 813 3922 manet
838 3825 874 3921 in
912 3849 977 3922 hac
1016 3857 1114 3946 parte
1147 3849 1344 3947 operarios!

168 3980 376 4068 Nemeum
399 3981 521 4079 lingua
550 4005 712 4054 aramaea
737 3981 880 4054 omnino
900 3983 944 4054 sit
978 3981 1210 4054 ecclesiastica
1235 4006 1348 4078 pauca

169 4138 235 4211 qne
257 4113 433 4186 contineat
450 4125 679 4186 monumenta
696 4114 856 4211 prolana,
880 4115 925 4187 ab
943 4114 1145 4186 auctoribus
1160 4114 1259 4187 laicis
1272 4117 1348 4188 aevi

167 4249 278 4321 nostri
309 4245 408 4346 parvi
439 4247 623 4321 estimatur
651 4257 686 4320 et
719 4247 858 4321 colitur.
879 4247 1002 4343 Neque
1020 4248 1057 4319 id
1074 4247 1143 4320 illis
1170 4248 1255 4321 vitio
1272 4273 1346 4322 ver·

169 4381 315 4454 tendum
337 4415 344 4452 :
365 4382 555 4478 unicuique
575 4382 697 4455 suurn!

218 4513 274 4584 Ad
293 4495 422 4586 olerum
450 4512 561 4609 igitur
588 4513 777 4610 pertineret
799 4511 1029 4585 litteraturam
1050 4537 1246 4584 aramaeam
1267 4536 1345 4608 spe·
1404 4521 1418 4550 ⁴

167 4644 248 4716 ciali
267 4670 397 4730 amore,
419 4653 541 4741 utpote
567 4668 680 4729 suam,
703 4642 879 4741 prosequi.
904 4641 1085 4731 Quantam
1112 4641 1267 4715 fodinam
1296 4642 1347 4715 ibi

166 4775 326 4874 reperiet,
346 4775 374 4848 si
394 4799 536 4849 manum
554 4775 651 4873 operi
683 4773 878 4858 admoveat,
908 4773 1028 4846 nullus
1052 4773 1170 4854 forsan
1195 4774 1347 4848 inolere
