3604 5300
911 350 1110 422 ...22-

416 544 501 642 quia
526 544 701 643 incipiunt
725 543 842 616 littera
860 567 955 614 noan
982 551 1018 616 at
1046 544 1211 618 desinunt
1234 545 1351 618 littera
1367 551 1451 633 olaf
1460 553 1499 618 ut
1518 541 1598 642 μ’),

416 675 600 767 Quaedam
631 683 713 748 aunt
739 680 926 762 defectiva,
956 678 1224 766 impersonalia,
1252 686 1319 749 etc.
1350 675 1452 765 Quae
1474 676 1596 749 omnia

416 831 484 880 nau
501 805 728 879 addiscentur
746 806 992 898 (Paradiyma
1008 803 1108 895 XV)'.

885 1309 1042 1384 CAPUT
1067 1310 1138 1385 III.

856 1619 924 1662 DE
950 1620 1158 1667 NOMINE.

466 1885 528 1958 50.
556 1865 710 1958 Noniina
736 1893 937 1976 naucratim
961 1886 1159 1959 formantur
1187 1910 1229 1956 ex
1259 1884 1380 1957 eadem
1410 1883 1527 1957 radica
1555 1909 1597 1957 ac

417 2015 577 2101 verbum,
598 2015 654 2086 vel
672 2015 746 2087 sola
768 2015 966 2088 mutatione
983 2014 1171 2102 vocalium,
1192 2014 1245 2086 vel
1268 2019 1460 2102 additione,
1480 2022 1595 2086 inscr-
1694 2011 1700 2016 ’

417 2149 524 2230 tione,
539 2150 781 2248 praefioeionc,
799 2146 903 2218 modo
917 2147 1023 2219 unius
1034 2147 1187 2232 litterae,
1200 2146 1305 2217 modo
1316 2146 1422 2219 etiarn
1438 2145 1595 2242 plurium

419 2281 659 2365 (Paradiyma
677 2275 792 2370 XVI).

467 2407 526 2479 51.
555 2405 640 2478 Tres
656 2417 739 2478 sunt
755 2417 880 2492 status,
897 2406 967 2478 duo
985 2414 1140 2493 camari,
1157 2405 1298 2504 duoque
1314 2432 1460 2498 conara

468 2540 527 2610 52.
556 2536 640 2609 Tres
664 2546 776 2610 status
797 2546 879 2609 sunt
896 2543 1089 2624 absolutas,
1110 2549 1335 2620 constructas,
1357 2545 1589 2628 emphaticas.

417 2667 646 2766 Emphatious
660 2667 905 2765 correspondet
918 2669 1110 2764 generatim
1125 2666 1260 2740 nomini
1277 2667 1520 2742 determinato.
1538 2669 1595 2742 Ita

418 2800 584 2874 Aramaci
601 2800 766 2899 supplent
786 2799 987 2884 articulum,
1013 2799 1075 2894 qui
1095 2798 1132 2871 in
1157 2798 1315 2894 ipsorum
1340 2799 1509 2872 idiomate
1528 2801 1594 2910 'de-

416 2931 504 3004 ficit.
541 2931 774 3006 Constructas
805 2931 936 3004 dicitur
966 2929 1137 3002 terminus
1170 2930 1311 3027 quando
1346 2930 1514 3004 adhaeret
1542 2957 1593 3004 se·

418 3065 540 3161 quenti
554 3065 705 3138 termino
723 3089 805 3136 cum
824 3064 993 3136 relatione
1000 3069 1215 3152 possidentis
1232 3069 1279 3132 ad
1292 3088 1369 3135 rem
1380 3088 1591 3153 possessam.

312 3223 317 3236 ·
416 3198 463 3270 V.
484 3223 519 3295 g.
540 3199 649 3270 nicer
660 3204 770 3287 patri.
795 3199 837 3269 In
854 3197 921 3270 hoc
935 3195 1096 3292 exemplo
1111 3200 1217 3266 Liber
1231 3194 1405 3268 dicaretur
1417 3209 1596 3270 construc-

416 3309 472 3399 tas
489 3352 570 3400 oum
588 3327 737 3401 termino
752 3334 870 3418 petri,·
884 3327 958 3410 sed,
976 3325 1070 3421 apud
1084 3327 1275 3398 Aramaeos
1291 3327 1592 3422 quemadmodum

415 3457 510 3556 apud
535 3457 728 3542 Hebraeos,
749 3464 924 3528 terminas
948 3479 1071 3552 regens
1102 3453 1234 3550 patitur
1254 3463 1465 3528 mutationes
1492 3483 1593 3531 voca-

412 3588 516 3675 liurn,
533 3613 603 3661 non
623 3589 796 3662 terminus
822 3595 952 3660 rectus.
980 3585 1175 3658 Absolutus
1194 3593 1246 3656 est
1265 3593 1377 3658 status
1394 3587 1432 3659 in
1450 3612 1522 3686 quo
1538 3615 1593 3661 re·

413 3722 549 3820 peritur
580 3720 749 3794 terminus
776 3721 837 3817 qui
865 3745 929 3792 nec
958 3728 1175 3791 constructas
1202 3741 1265 3789 nec
1281 3724 1507 3808 emphaticas,
1529 3747 1592 3794 seu

414 3853 665 3928 determinatus
683 3862 747 3926 est.
770 3850 897 3942 Quoad
923 3851 1071 3922 formam
1088 3855 1279 3933 externam,
1305 3849 1341 3920 in
1362 3851 1495 3936 multis,
1523 3827 1593 3925 sal·

415 3997 484 4061 tem
510 3985 548 4058 in
575 3983 778 4058 masculinis
808 3981 980 4067 terminis,
1001 3979 1122 4052 eadem
1154 3989 1205 4051 ast
1236 4003 1276 4051 ac
1306 3981 1418 4052 forma
1448 3985 1593 4060 termini

276 4133 278 4138 '
368 4139 370 4143 ·
413 4116 617 4192 constructi.
638 4116 809 4213 Exempla
825 4121 938 4186 Maec.
962 4117 1048 4185 Gen.

472 4244 635 4362 &atat
657 4251 731 4318 aba.
751 4289 798 4300 -
820 4243 985 4358 &stat
1014 4265 1108 4320 coac.
1134 4283 1182 4292 —
1207 4239 1385 4353 &stat
1406 4249 1524 4332 empta,
1544 4289 1595 4302 .-

413 4387 514 4452 ch.
533 4404 616 4470 aaa.
637 4377 755 4488 1.sp
771 4387 853 4449 stat.
874 4379 948 4447 abs.
964 4415 1012 4428 -
1029 4370 1156 4480 rad-{sa
1176 4380 1257 4450 stat.
1284 4373 1605 4486 coast-1524„

291 4561 294 4568 ,
412 4522 526 4583 statas
543 4515 774 4600 emphaticas.

466 4645 525 4715 53.
554 4640 639 4713 Tres
666 4639 718 4713 illi
738 4647 850 4711 status
867 4644 1007 4709 exstant
1034 4635 1069 4707 in
1087 4603 1221 4730 'plurali
1239 4630 1537 4740 quemadmodum
1555 4635 1595 4709 in

414 4773 600 4873 singulari,
631 4791 721 4844 cam*
736 4772 818 4842 attis
836 4779 953 4863 tamea
975 4767 1180 4840 desiccatos
1203 4761 1438 4856 (Paradiama
1454 4765 1592 4862 XVII).
