3604 5300
937 471 1109 538 ..⁴4-
1218 523 1220 526 ,

434 657 570 749 Galliae
599 659 806 758 suspicatur.
842 662 965 761 Neque
991 664 1109 737 dicant
1128 663 1237 761 aliqui
1266 689 1336 736 non
1365 689 1486 737 omnes
1509 688 1608 760 posse
1696 713 1700 720 ·

435 789 529 862 adire
546 790 760 889 Petropolim
787 803 826 865 ut
844 789 1083 893 manuscripta
1100 796 1274 869 evolvant.
1291 795 1383 868 Nam
1401 804 1524 877 333133
1535 795 1609 893 jam
1697 875 1701 884 ,

435 931 529 994 33133
547 920 755 1010 beneficium
772 925 868 996 novit
883 951 952 1022 quo
962 925 1095 1022 pluries
1107 926 1161 998 331
1176 917 1298 999 sumus
1315 935 1421 1025 atque
1431 950 1610 1024 speramus

436 1052 582 1125 decursu
609 1055 773 1151 temporis
803 1034 1044 1129 multos'alios
1071 1057 1191 1130 eodem
1225 1083 1351 1130 usurus
1378 1082 1467 1135 3333,
1488 1056 1610 1129 Ρ13333

373 1217 376 1224 ’
431 1185 504 1283 jam
533 1184 777 1274 bibliothecae,
815 1191 845 1260 v.
873 1212 908 1284 g.
939 1189 1137 1285 parisiensis
1166 1200 1298 1272 nostra,
1332 1189 1544 1273 oxoniensis,
1576 1199 1610 1259 31

437 1296 551 1403 aliae:
567 1319 767 1416 petentibus
792 1323 1030 1419 manuscripta
1060 1323 1301 1412 commodant3
1331 1322 1510 1424 undequi
1537 1345 1608 1392 non

435 1450 503 1522 nisi
535 1450 672 1524 difficile
702 1439 841 1550 possent
872 1453 967 1526 adire
1001 1433 1583 1556 13111113113333313333,3333333331

437 1590 552 1653 tamen
565 1581 717 1691 antiqua
740 1582 834 1655 domi
852 1574 1076 1682 perlustrare,
1097 1585 1228 1683 insigni
1248 1595 1321 1658 tum
1348 1584 1423 1656 aevi
1446 1583 1609 1656 scientiae

436 1683 565 1802 ambre,
588 1724 663 1787 tum
681 1715 876 1802 doctorum,
898 1718 960 1814 qni
981 1719 1234 1816 antiquitatum
1254 1729 1453 1791 nostrarum
1473 1717 1607 1790 3333313

435 1859 615 1944 praesunt,
637 1848 879 1932 benevolentia
897 1851 1110 1923 conceditur.
1132 1850 1204 1924 Neo
1219 1850 1367 1923 deerunt
1393 1850 1505 1923 doctis
1523 1850 1608 1922 31331

436 1978 602 2076 membris
616 1978 729 2052 media
747 1980 877 2078 quibus
896 1980 1013 2054 labore
1030 1992 1129 2079 parta
1147 1983 1244 2054 lucra
1258 1981 1399 2078 publico
1413 1980 1606 2053 communi·

436 2121 528 2198 cent,
562 2135 641 2182 cum
670 2113 828 2208 quotidie
846 2113 882 2185 in
909 2113 1038 2199 Gallia,
1074 2113 1275 2200 Germania,
1307 2113 1435 2210 Anglia
1462 2123 1498 2184 31
1525 2112 1610 2184 alibi
1643 2085 1645 2094 ¹
1689 2130 1693 2138 ’

437 2243 638 2315 exoriantur
656 2244 820 2340 periodioi
840 2269 990 2342 qnorum
1009 2270 1134 2343 scopus
1160 2246 1321 2341 proprius
1347 2253 1399 2317 est
1417 2243 1609 2341 evulgandi

437 2388 663 2449 monumenta
680 2377 875 2464 3313313113,
897 2380 967 2450 3133
986 2379 1135 2476 propriis
1157 2380 1263 2477 typis
1289 2379 1359 2451 sive
1376 2377 1504 2450 3331313
1520 2377 1607 2450 idio·

331 2573 338 2586 ,
439 2507 592 2580 mutibus
609 2508 758 2582 reddita.

488 2619 591 2711 Nunc
604 2641 741 2714 veniam
756 2643 800 2714 ad
815 2643 1003 2715 utilitatem
1019 2644 1127 2716 studii
1143 2643 1285 2742 linguae
1298 2641 1605 2740 syro-chaldaicae.

483 2771 593 2843 -Utilis
611 2782 645 2845 31
667 2779 858 2847 necessaria
877 2800 959 2847 3333
978 2776 1100 2874 lingua
1118 2775 1294 2848 Hebraico
1315 2764 1399 2873 quia
1417 2776 1527 2846 electa
1544 2774 1611 2846 fuit

425 2927 462 2996 3
481 2903 559 2976 1)33
580 2915 620 2976 31
641 2905 856 2978 thesauraria
872 2917 964 2979 33331
981 2931 1158 2980 sacrorum
1176 2907 1410 2980 oraculorum.
1427 2907 1608 2991 Attamen,

440 3046 576 3134 praeter
600 3029 694 3134 quud
719 3047 835 3110 textus
853 3038 1014 3111 hebraice
1039 3040 1158 3137 scripti
1176 3039 1379 3135 paucissimi
1402 3039 1487 3124 sint,
1508 3036 1612 3109 hodie
1632 3015 1635 3019 .

441 3168 631 3241 exhaustae
649 3168 755 3242 ferme
778 3183 860 3243 sunt
886 3171 1104 3268 quaestiones
1130 3197 1221 3269 qnae
1249 3171 1379 3244 moveri
1397 3179 1543 3268 possunt
1570 3170 1611 3241 de

443 3301 605 3373 Hebraeo
635 3312 668 3374 31
697 3303 868 3375 Hebraeis
897 3303 1046 3401 33313113.
1080 3303 1108 3374 Ε
1138 3312 1272 3388 333133,
1300 3304 1493 3400 virusque
1517 3328 1612 3374 nunc

442 3434 642 3532 exploratus
673 3445 724 3508 331
764 3461 907 3532 campus
939 3437 1155 3509 litteraturae
1183 3438 1387 3508 Aramacae.
1414 3437 1521 3520 Nam,
1542 3461 1612 3508 non

442 3566 554 3638 solum
573 3567 745 3666 quaedam
765 3577 887 3665 partes
913 3569 1061 3665 Antiqui
1091 3569 1306 3642 Testamenti
1333 3569 1377 3640 ad
1403 3593 1480 3640 earn
1506 3567 1614 3664 perti·

419 3708 538 3790 nent,
560 3724 680 3772 verum
708 3710 934 3772 monumenta
960 3703 1131 3772 Aramaea
1157 3700 1350 3806 1313333311
1376 3706 1615 3788 Cuneisormis

442 3830 693 3905 Ninivensibus
709 3843 743 3903 et
757 3831 972 3904 Mossulanis
985 3833 1128 3904 omnino
1142 3831 1328 3904 verisimile
1346 3843 1410 3916 331,
1431 3841 1614 3930 propterea

442 3964 537 4060 qnod
559 3964 711 4062 Assyriis
733 3966 958 4037 vernaculum
986 3964 1092 4037 suerit
1116 3963 1248 4037 idioma
1273 3966 1484 4035 Aramaeum
1509 3965 1615 4061 longo

442 4099 606 4195 temporis
623 4096 819 4170 intervallo.
892 4143 894 4150 <
979 4189 981 4194 Ι
1364 4083 1366 4086 ’

493 4231 701 4328 Antiquitas
720 4231 812 4302 enirn
831 4229 1093 4302 diffundebatur
1111 4228 1155 4300 ab
1173 4228 1241 4301 oris
1265 4229 1449 4302 Pheniciae
1471 4239 1505 4302 et
1534 4209 1615 4302 333·
1643 4255 1646 4262 ·

442 4364 573 4436 finibus
595 4362 738 4435 Ciliciae
760 4387 870 4458 usque
896 4360 941 4433 ad
966 4371 1136 4458 extremos
1161 4361 1290 4435 limites
1316 4361 1482 4446 Persidis,
1510 4363 1617 4436 variis

444 4484 596 4568 divisum
627 4495 803 4580 dialectis,
837 4507 987 4591 quarum
1019 4493 1225 4590 praecipuae
1256 4501 1355 4566 arant
1386 4493 1613 4591 Palmyrena,

444 4627 663 4713 Nabathuea,
684 4627 870 4712 Mendaea,
891 4635 996 4721 atque
1017 4623 1105 4696 aliae
1131 4625 1276 4708 multae,
1296 4623 1339 4695 de
1365 4623 1495 4720 quibus
1512 4625 1617 4698 hodie

444 4761 495 4836 nil
517 4762 585 4835 nisi
602 4785 733 4846 nomen,
747 4768 916 4855 superest.
940 4756 1132 4854 Nunquam
1158 4781 1239 4829 saue
1257 4756 1392 4829 exstitit
1417 4757 1521 4831 unica
1540 4782 1618 4856 pro·
